% nature reviews on ultracold atoms
%%---------------------------------------------------------------
@article{southwell2002,
  title={Ultracold matter},
  author={Southwell, K. },
  journal={Nature},
  volume={416},
  pages={205},
  year={2002}
}

% control the internal and external degrees of freedom
@article{chu2002,
  title={Cold atoms and quantum control},
  author={Chu, S.},
  journal={Nature},
  volume={416},
  pages={206},
  year={2002}
}

% BEC
@article{anglin2002,
  title={Bose–Einstein condensation of atomic gases},
  author={Anglin, J. R. and Ketterle, W.},
  journal={Nature},
  volume={416},
  pages={211},
  year={2002}
}

% nonlinear and quantum atom optics
@article{rolston2002,
  title={Nonlinear and quantum atom optics},
  author={Rolston, S. L. and Phillips, W. D.},
  journal={Nature},
  volume={416},
  pages={219},
  year={2002}
}

% collisions at ultracold temperatures
@article{burnett2002,
  title={Quantum encounters of the cold kind},
  author={Burnett, K. and Julienne, P. S. and  Lett, P. D. and Tiesinga, E. and Williams, C. J. },
  journal={Nature},
  volume={416},
  pages={225},
  year={2002}
}

% all-optical atomic clock
@article{udem2002,
  title={Optical frequency metrology},
  author={ Udem, Th. and Holzwarth, R. and H\"{a}nsch, T. W. },
  journal={Nature},
  volume={416},
  pages={233},
  year={2002}
}

% quantum information processing
@article{monroe2002,
  title={Quantum information processing with atoms and photons},
  author={ Monroe, C. },
  journal={Nature},
  volume={416},
  pages={238},
  year={2002}
}
%%---------------------------------------------------------------




% BEC
%%-----------------------------------------------------------------
@article{ketterle2002,
title={Nobel lecture: When atoms behave as waves: Bose-Einstein
       condensation and the atom laser},
journal={Rev. Mod. Phys.},
author={Ketterle, W.},
year={2002},
volume={74},
page={1131}
}

%anglin2002

%%-----------------------------------------------------------------












% fermi sea
%%----------------------------------------------------------------
@article{lev2002,
title={The quest for superfluidity in fermi gases},
journal={Science},
author={Lev, P. and Sandro, S.},
year={2002},
volume={298},
page={2144}
}

@article{stefano2008,
title={Theory of ultracold atomic fermi gases },
journal={Rev. Mod. Phys. },
author={Stefano, G. and Lev, P. and Sandro, S.},
year={2008},
volume={80},
page={1215}
}
%%----------------------------------------------------------------







% quantum threshold --- collision
%E. P. Wigner, Phys. Rev. 73, 1002 (1948).
@article{wigner1948,
title={On the Behavior of Cross Sections Near Thresholds},
journal={Phys. Rev.},
author={Wigner, E. P. },
year={1948},
volume={73},
page={1002}
}

% control atomic and molecular dynamics by external fields
%%----------------------------------------------------------------
@article{krems2005,
title={Molecules near absolute zero and external field control of
atomic and molecular dynamics
},
journal={Int. Rev. Phys. Chem.},
author={Krems, R. V. },
year={2005},
volume={24},
page={99}
}
%%----------------------------------------------------------------


% quantum state determines collision properties
%%----------------------------------------------------------------
@article{ospelkaus2010,
title={Quantum-State Controlled Chemical Reactions of Ultracold Potassium-Rubidium Molecules},
journal={Science},
author={ Ospelkaus, S. and  Ni, K.-K. and  Wang, D. and  de Miranda, M. H. G. and  Neyenhuis, 
B. and  Qu\"{e}m\"{e}ner, G. and  Julienne, P. S. and  Bohn, J. L. and  Jin, D. S. and Ye, J.},
year={2010},
volume={327},
page={853}
}
%%----------------------------------------------------------------


% chemical reactions at ultracold temperatures
%%----------------------------------------------------------------
@article{balakrishnan2001,
title={Chemistry at ultracold temperatures},
journal={Chem. Phys. Lett.},
author={ Balakrishnan, N. and Dalgarno, A.},
year={2001},
volume={341},
page={652}
}

@article{bodo2002,
   author = {Bodo, E. and Gianturco, F. A. and Dalgarno, A.},
   title = {F+D$_{\text{2}}$ reaction at ultracold temperatures},
   journal = {J. Chem. Phys.},
   year = {2002},
   volume = {116},
   page = {9222} 
}

@article{bodo2004,
   author = {Bodo, E. and Gianturco, F. A. and Balakrishnan, N and Dalgarno, A.},
   title = {Chemical reaction in the limit of zero kinetic energy: virtual states and ramsauer minima 
             in $\mbox{F} + \mbox{H}_2 \rightarrow \mbox{HF} + \mbox{H}$},
   journal = {J. Phys. B},
   year = {2004},
   volume = {37},
   page = {3641} 
}

@article{weck2004,
   author = {Weck, P. F. and Balakrishnan, N. },
   title = {Chemical reactivity of ultracold polar molecules: investigation 
             of $\mbox{H} + \mbox{HCl}$ and $\mbox{H} + \mbox{DCl}$ collisions },
   journal = {Eur. Phys. J. D},
   year = {2004},
   volume = {31},
   page = {417} 
}
%%----------------------------------------------------------------



% electrostatic traps
@article{bethlem2000,
   author = {Bethlem, H. L. and Berden, G. and  Crompvoets, F. M. H. and  Jongma, R. T. and  van Roij, A. J. A. and  Meijer, G.},
   title = {Electrostatic trapping of ammonia molecules},
   journal = {Nature},
   year = {2000},
   volume = {406},
   page = {491} 
}

% AC electric traps
@article{vanVeldhoven2005,
  title = {ac Electric Trap for Ground-State Molecules},
  author = {van Veldhoven, J. and Bethlem, H. L. and Meijer, G.},
  journal = {Phys. Rev. Lett.},
  volume = {94},
  page = {083001},
  year = {2005}
}

% optical dipole traps
%optical-lattice-review


%microwave trap
@article{deMille2004,
  title = {Microwave traps for cold polar molecules},
  author = {DeMille, D. and Glenn, D. R. and Petricka, J.},
  journal = {Eur. Phys. J. D},
  volume = {31},
  pages = {375},
  year = {2004}
}

%magnetic trap
@article{hogan2008,
  title = {Magnetic Trapping of Hydrogen after Multistage Zeeman Deceleration},
  author = {Hogan, S. D. and Wiederkehr, A. W. and Schmutz, H. and Merkt, F.},
  journal = {Phys. Rev. Lett.},
  volume = {101},
  pages = {143001},
  year = {2008}
}

%MOT
%%--------------------------------------------------------------------------------------------------------------
@article{vanhaecke2002,
  title = {Accumulation of Cold Cesium Molecules via Photoassociation in a Mixed Atomic and Molecular Trap},
  author = {Vanhaecke, N. and de Souza Melo, W. and Laburthe Tolra, B. and Comparat, D. and Pillet, P.},
  journal = {Phys. Rev. Lett.},
  volume = {89},
  pages = {063001},
  year = {2002}
}

@article{wang2004,
  title = {The photoassociative spectroscopy, photoassociative molecule formation, and trapping of ultracold $^{39}\mbox{K}$ $^{85}\mbox{Rb}$ },
  author = { Wang, D. and  Qi, J. and  Stone, M. F. and  Nikolayeva, O. and  Hattaway, B. and  Gensemer, S. D. 
             and  Wang, H. and  Zemke, W. T. and Gould, P. L. and  Eyler, E. E. and  Stwalley, W. C. },
  journal = {Eur. Phys. J. D},
  volume = {31},
  pages = {165},
  year = {2004}
}
%%--------------------------------------------------------------------------------------------------------------






% ultra precise spectroscopic measurements due to ultracold temperature
%%-------------------------------------------------------------------------------------------------------------------------
@article{vandeMeerakker2005,
  title = {Direct measurement of the radiative lifetime of vibrationally excited $\mbox{OH}$ radicals },
  author = {  van de Meerakker, S. Y. T. and  Vanhaecke, N. and  van der Loo, M. P. J. and 
             Groenenboom, G. C. and  Meijer, G.},
  journal = {Phys. Rev. Lett.},
  volume = {95},
  pages = {013003},
  year = {2005}
}

@article{gilijamse2007,
  title = {The radiative lifetime of metastable $\mbox{CO}$ ($a ^{3}\Pi, v = 0$) },
  author = {  Gilijamse, J. J. and  Hoekstra, S. and  Meek,  S. A. and  Metsl, M. and  van
              de Meerakker, S. Y. T. and   Meijer, G. and Groenenboom, G. C. },
  journal = {J. Chem. Phys.},
  volume = {127},
  pages = {221102},
  year = {2007}
}

@article{campbell2008,
  title = {Time-Domain Measurement of Spontaneous Vibrational Decay of Magnetically Trapped NH},
  author = {Campbell, W. C. and Groenenboom, G. C. and Lu, H.-I. and Tsikata, E. and Doyle, J. M.},
  journal = {Phys. Rev. Lett.},
  volume = {100},
  pages = {083003},
  year = {2008}
}

%%-------------------------------------------------------------------------------------------------------------------------




% magneto-association to produce ultracold molecules
%%--------------------------------------------------------------------------------------------------------------------------
@article{ni2008,
title={A High Phase-Space-Density Gas of Polar Molecules},
journal={Science},
author={ Ni, K.-K. and Ospelkaus, S. and de Miranda, M. H. G. and Pe'er A. and  Neyenhuis, 
B. and  Zirbel, J. J. and  Kotochigova, S. and Julienne, P. S. and   Jin, D. S. and Ye, J.},
year={2008},
volume={322},
page={231}
}

@article{danzl2010,
title={An ultracold high-density sample of rovibronic ground-state molecules in an optical lattice},
journal={Nature Physics},
author={ Danzl, J. G. and Mark, M. J. and Haller, E. and Gustavsson, M.
Hart, R. and Aldegunde, J. and Hutson, J. M. and N\"{a}gerl, H.-C.},
year={2010},
volume={6},
page={265}
}
%%--------------------------------------------------------------------------------------------------------------------------






% molecular BEC
%%--------------------------------------------------------------------------------------------------------------------------
@article{zwierlein2003,
  title = {Observation of Bose-Einstein Condensation of Molecules},
  author = {Zwierlein, M. W. and Stan, C. A. and Schunck, C. H. and Raupach, S. M. F. and Gupta, S. and Hadzibabic, Z. and Ketterle, W.},
  journal = {Phys. Rev. Lett.},
  volume = {91},
  pages = {250401},
  year = {2003}
}


@article{regal2004,
title={Lifetime of molecule-atom mixtures near a Feshbach resonance in $^{40} K$},
journal={Phys. Rev. Lett.},
author={ Regal, C. A. and Greiner, M. and Jin, D. S. },
year={2004},
volume={92},
page={083201}
}


%%--------------------------------------------------------------------------------------------------------------------------




% BEC-BCS 
@article{chin2004,
title={Observation of the pairing gap in a strongly interacting Fermi gas},
journal={Science},
author={ Chin, C. and Bartenstein, M. and Altmeyer, A. and Riedle, S. and Jochim, S.
             and Denschlag, J. H. and Grimm, R. },
year={2004},
volume={305},
page={1128}
}




% reviews on optical lattices
%%--------------------------------------------------------------------------------------------------
@article{Jessen1996,
  title={Optical lattices},
  author={Jessen, P. S. and Deutsch, I. H. },
  journal={Adv. At. Mol. Opt. },
  volume={37},
  pages={95},
  year={1996}
}
@article{phillips1998,
  title={Laser cooling and trapping of neutral atoms},
  author={Phillips, W. D. },
  journal={Rev. Mod. Phys. },
  volume={70},
  pages={721},
  year={1998}
}
%%--------------------------------------------------------------------------------------------------


% patterned loading into optical lattices
@article{peil2003,
  title = {Patterned loading of a Bose-Einstein condensate into an optical lattice},
  author = {Peil, S. and Porto, J. V. and Tolra, B. Laburthe and Obrecht, J. M. and King, B. E. and Subbotin, M. and Rolston, S. L. and Phillips, W. D.},
  journal = {Phys. Rev. A},
  volume = {67},
  issue = {5},
  pages = {051603},
  numpages = {4},
  year = {2003},
  month = {May},
  publisher = {American Physical Society},
  doi = {10.1103/PhysRevA.67.051603},
  url = {http://link.aps.org/doi/10.1103/PhysRevA.67.051603}
}






% reviews articles on cold and ultracold molecules
%%--------------------------------------------------------------------------------------
@article{our-njp-review,
  title={Cold and ultracold molecules: science, technology and applications},
  author={Carr, L. D and DeMille, D. and Krems, R. V. and Ye, J.},
  journal={New J. Phys.},
  volume={11},
  number={5},
  pages={055049},
  year={2009},
  publisher={IOP Publishing}
}

@article{friedrich2009,
title = {Why are Cold Molecules so Hot?},
author = {Friedrich, B. and Doyle, J. M.},
journal = {ChemPhysChem.},
volume={10},
pages={604},
year = {2009}
}

@article{schnell2009,
title = {Cold Molecules: Preparation, Applications, and Challenges},
author = {Schnel, M. and Meijer, G.},
journal = {Angew. Chem. Int. Ed.},
volume={48},
pages={6010},
year = {2009}
}

@article{Bell2009,
title = {Ultracold molecules and ultracold chemistry},
author = {Bell, M. T. and Softley, T. P.},
journal = {Mol. Phys.},
volume={107},
pages={99},
year = {2009}
}

@book{krems2010cold,
  title={Cold molecules: theory, experiment, applications},
  editor={Krems, R. and Stwalley, W. C. and Friedrich, B. },
  year={2009},
  publisher={CRC press}
}

@article{Ni2009,
title = {A dipolar gas of ultracold molecules},
author = {Ni, K. K. and Ospelkaus, S. and Nesbitt, D. J. and Ye, J. and Jin, D. S.},
journal = {Phys. Chem. Chem. Phys.},
volume={11},
pages={9626},
year = {2009}
}


@article{Jin2011,
title = {Polar molecules in the quantum regime},
author = {Jin, D. S. and Ye, J.},
journal = {Phys. Today},
volume={5},
pages={27},
year = {2011}
}

@article{Jin2012,
title = {Introduction to Ultracold Molecules: New Frontiers in Quantum and Chemical Physics},
author = {Jin, D. S. and Ye, J.},
journal = {Chem. Rev.},
volume={112},
pages={4801},
year = {2012}
}

@article{quemener2012,
title = {Ultracold Molecules under Control!},
author = {Qu\'{e}m\'{e}ner, G. and Julienne, P. S.},
journal = {Chem. Rev.},
volume={112},
pages={4949},
year = {2012}
}

@article{Baranov2012,
title = {Condensed Matter Theory of Dipolar Quantum Gases},
author = {Baranov, M. A. and Dalmonte, M. and Pupillo, G. and Zoller, P.},
journal = {Chem. Rev.},
volume={112},
pages={5012},
year = {2012}
}
%%--------------------------------------------------------------------------------------

%evaporative cooling
@book{metcalf1999,
title={Laser cooling and trapping},
author={Metcalf, H. J. and van der Straten, P.},
year={1999},
publisher={Springer-Verlag},
address={New York}
}


% quantum computing within restricted geometry
%%----------------------------------------------------------------------------------------

% G. K. Brennen, C. M. Caves, P. S. Jessen, and I. H. Deutsch. Quantum logic gates in optical lattices. Phys. Rev. Lett., 82:1060, 1999.
@article{brennen1999,
title = {Quantum logic gates in optical lattices},
author = { Brennen, G. K. and Caves,  C. M. and  Jessen, P. S. and  Deutsch, I. H.},
journal = {Phys. Rev. Lett.},
volume={82},
pages={1060},
year = {1999}
}

%D. Jaksch, H. J. Briegel, J. I. Cirac, C. W. Gardiner, and P. Zoller. En-
%tanglement of atoms via cold controlled collisions. Phys. Rev. Lett., 82:1975,
%1999.
@article{jaksch1999,
title = {Entanglement of atoms via cold controlled collisions},
author = {Jaksch, D. and  Briegel, H. J. and  Cirac, J. I. and  Gardiner, C. W. and  Zoller, P. },
journal = {Phys. Rev. Lett.},
volume={82},
pages={1975},
year = {1999}
}


%J. K. Pachos and P. L. Knight. Quantum computation with a one-dimensional
%optical lattice. Phys. Rev. Lett., 91:107902, 2003.
@article{pachos2003,
title = {Quantum computation with a one-dimensional optical lattice},
author = { Pachos, J. K. and  Knight, P. L. },
journal = {Phys. Rev. Lett.},
volume={91},
pages={107902},
year = {2003}
}

%A. Kay and J. K. Pachos. Quantum computation in optical lattices via global
%laser addressing. New J. Phys., 6:126, 2004
@article{kay2004,
  title = {Quantum computation in optical lattices via global laser addressing},
  author = {Kay, A. and Pachos, J. K.},
  journal = {New J. Phys.},
  volume = {6},
  pages = {126},
  year = {2004}
}

%micheli2006


@article{buchler2007a,
  title = {Strongly Correlated 2D Quantum Phases with Cold Polar Molecules: Controlling the Shape of the Interaction Potential},
  author = {B\"uchler, H. P. and Demler, E. and Lukin, M. and Micheli, A. and Prokof'ev, N. and Pupillo, G. and Zoller, P.},
  journal = {Phys. Rev. Lett.},
  volume = {98},
  pages = {060404},
  year = {2007}
}


%I. Bloch. Quantum coherence and entanglement with ultracold atoms in optical
%lattices. Nature, 453:1016, 2008.
@article{bloch2008,
title = {Quantum coherence and entanglement with ultracold atoms in optical lattices},
author = { Bloch, I. },
journal = {Nature},
volume={453},
pages={1016},
year = {2008}
}

%%----------------------------------------------------------------------------------------




% review --- manipulation of molecules with electromagnetic fields
@article{lemoshko2013,
title = {Manipulation of molecules with electromagnetic fields},
author = { Lemeshko, M. and Krems, R. V. and Doyle, J. M. and Kais, S. },
journal = {Molecular Physics},
volume={111},
pages={1648},
year = {2013}
}


% review on feshbach resonance of ultracold atoms
%%----------------------------------------------------------------------------------
@article{chin2010,
  title = {Feshbach resonances in ultracold gases},
  author = {Chin, C. and Grimm, R. and Julienne, P. and Tiesinga, E.},
  journal = {Rev. Mod. Phys.},
  volume = {82},
  pages = {1225},
  year = {2010}
}

@article{kohler2006,
  title = {Production of cold molecules via magnetically tunable Feshbach resonances},
  author = {K\"ohler, T. and G\'oral, K. and Julienne, P. S.},
  journal = {Rev. Mod. Phys.},
  volume = {78},
  pages = {1311},
  year = {2006}
}
%%----------------------------------------------------------------------------------------------




% control hyperfine state of molecules
% ospelkaus2010

% quantum computing using hyperfine structures of molecules
@article{pellegrini2011,
  title = {Quantum gates driven by microwave pulses in hyperfine levels of ultracold heteronuclear dimers},
  author = {Pellegrini, P. and Desouter-Lecomte, M. },
  journal = {Eur. Phys. J. D},
  volume = {64},
  pages = {163},
  year = {2011}
}


% change the strength and shape of interaction potential by tuning the dipole-dipole interaction
%buchler2007a
@article{micheli2007,
  title = {Cold polar molecules in two-dimensional traps: Tailoring interactions with external fields for novel quantum phases},
  author = {Micheli, A. and Pupillo, G. and B\"uchler, H. P. and Zoller, P.},
  journal = {Phys. Rev. A},
  volume = {76},
  pages = {043604},
  year = {2007}
}


% condensed matter theory of dipolar gas
%%----------------------------------------------------------------------------------------------------------------------------------
@article{baranov2008,
title = {Theoretical progress in many-body physics with ultracold dipolar gases },
journal = {Phys. Rep.},
volume = {464},
pages = {71},
year = {2008},
author = {Baranov, M. A.}
}
@article{lahaye2009,
  author={Lahaye, T. and Menotti, C. and Santos, L. and Lewenstein, M. and Pfau, T.},
  title={The physics of dipolar bosonic quantum gases},
  journal={Rep. Prog. Phys.},
  volume={72},
  pages={126401}
}
@article{trefzger2011,
  author={Trefzger, C. and Menotti, C. and Capogrosso-Sansone, B. and Lewenstein, M.},
  title={Ultracold dipolar gases in optical lattices},
  journal={J. Phys. B: At. Mol. Opt. Phys.},
  volume={44},
  pages={193001},
  year={2011}
}
%Baranov2012
%%----------------------------------------------------------------------------------------------------------------------------------





% address single site in optical lattices
%atom-mott1
%atom-mott2






% transition from superfluid phase to Mott insulator in optical lattices -- for bosons
%%-------------------------------------------------------------------------------------------------------------------------------------
%Greiner2002
@article{spielman2007,
  title = {Mott-Insulator Transition in a Two-Dimensional Atomic Bose Gas},
  author = {Spielman, I. B. and Phillips, W. D. and Porto, J. V.},
  journal = {Phys. Rev. Lett.},
  volume = {98},
  issue = {8},
  pages = {080404},
  numpages = {4},
  year = {2007},
  month = {Feb},
  publisher = {American Physical Society},
  doi = {10.1103/PhysRevLett.98.080404},
  url = {http://link.aps.org/doi/10.1103/PhysRevLett.98.080404}
}
@article{haller2010,
  title={Pinning quantum phase transition for a Luttinger liquid of strongly interacting bosons},
  author={ Haller, E. and Hart, R. and Mark, M. J. and Danzl, J. G. and Reichs\"{o}llner, L.;
Gustavsson, M. and Dalmonte, M. and Pupillo, G. and N{\"a}gerl, H.-C.},
  journal={Nature},
  volume={466},
  pages={597},
  year={2010},
  publisher={Nature Publishing Group}
}

%%-------------------------------------------------------------------------------------------------------------------------------------






% transition from a Fermi liquid to Mott insulator in optical lattices -- for fermions
%%-------------------------------------------------------------------------------------------------------------------------------------
%Greiner2002
@article{ schneider2008,
  title = {Metallic and Insulating Phases of Repulsively Interacting Fermions in a 3D Optical Lattice},
  author = { Schneider, U. and  Hackerm\"uller, L. and  Will, S. and  Best, Th. and  Bloch, I. and  Costi, T. A. and 
               Helmes, R. W. and  Rasch, D. and Rosch, A. },
  journal = {Science},
  volume = {322},
  pages = {1520},
  year = {2008}
}
%R. Joerdens, N. Strohmaier, K. Guenter, H. Moritz and T. Esslinger, Nature 455, 204 (2008)
@article{ joerdens2008,
  title = {A Mott insulator of fermionic atoms in an optical lattice},
  author = {  J\"ordens, R. and Strohmaier, N. and  Guenter, K. and  Moritz, H. and Esslinger, T. },
  journal = {Nature},
  volume = {455},
  pages = {204},
  year = {2008}
}
%%---------------------------------------------------------------------------------------------------------------------------------------

% quantum computing with polar molecules in optical lattices
%%--------------------------------------------------------------------------------------------------------------------------------
%demille
@article{yelin2006,
  title = {Schemes for robust quantum computation with polar molecules},
  author = {Yelin, S. F. and Kirby, K. and C\^ot\'e, R.},
  journal = {Phys. Rev. A},
  volume = {74},
  issue = {5},
  pages = {050301},
  numpages = {4},
  year = {2006},
  month = {Nov},
  publisher = {American Physical Society},
  doi = {10.1103/PhysRevA.74.050301},
  url = {http://link.aps.org/doi/10.1103/PhysRevA.74.050301}
}

@article{ortner2011,
year={2011},
journal={Quant. Inf. Proc.},
volume={10},
number={6},
doi={10.1007/s11128-011-0301-7},
title={Quantum information processing in self-assembled crystals of cold polar molecules},
author={Ortner, M. and Zhou, Y.L. and Rabl, P. and Zoller, P.},
page={793}
}
%%--------------------------------------------------------------------------------------------------------------------------------




% original papers for Frenkel exciton
%%--------------------------------------------------------------------------------------
@article{Frenkel1,
  title = {On the Transformation of light into Heat in Solids. I},
  author = {Frenkel, J.},
  journal = {Phys. Rev.},
  volume = {37},
  issue = {1},
  pages = {17--44},
  numpages = {0},
  year = {1931},
  month = {Jan},
  publisher = {American Physical Society},
  doi = {10.1103/PhysRev.37.17},
  url = {http://link.aps.org/doi/10.1103/PhysRev.37.17}
}

@article{Frenkel2,
  title = {On the Transformation of Light into Heat in Solids. II},
  author = {Frenkel, J.},
  journal = {Phys. Rev.},
  volume = {37},
  issue = {10},
  pages = {1276--1294},
  numpages = {0},
  year = {1931},
  month = {May},
  publisher = {American Physical Society},
  doi = {10.1103/PhysRev.37.1276},
  url = {http://link.aps.org/doi/10.1103/PhysRev.37.1276}
}
%%--------------------------------------------------------------------------------------



%code for solving ODE
%%--------------------------------------------------------------------------------------
%P. N. Brown, G. D. Byrne, and A. C. Hindmarsh, "VODE, A Variable- Coefficient ODE Solver," SIAM J. Sci. Stat. Comput., 10 (1989), pp. 1038-1051.
@article{vode,
title={VODE, A Variable- Coefficient ODE Solver},
journal={SIAM J. Sci. Stat. Comput.},
author={ Brown, P. N. and Byrne, G. D. and Hindmarsh, A. C.},
year={1989},
volume={10},
page={1038}
}

%A. C. Hindmarsh, "ODEPACK, A Systematized Collection of ODE Solvers," in Scientific Computing, R. S. Stepleman et al. (eds.), North-Holland, Amsterdam, 1983 (vol. 1 of IMACS Transactions on Scientific Computation), pp. 55-64. 
@incollection{odepack,
  title={ODEPACK, A Systematized Collection of ODE Solvers},
  author={Hindmarsh, A. C. },
  booktitle={IMACS Transactions on Scientific Computation},
  editor={ Stepleman, R. S. and others},
  volume={1},
  pages={55-64},
  year={1983},
  publisher={North-Holland},
  address={Amsterdam}
}
%%--------------------------------------------------------------------------------------





% books on angular momentum
%%--------------------------------------------------------------------------------------
@book{edmonds-book,
title={Angular Momentum in Quantum Mechanics},
author={Edmonds, A. R.},
year={1960},
publisher={Princeton University Press},
address={Princeton}
}

@book{rose-book,
title={Elementary Theory of Angular Momentum},
author={Rose, M. E.},
year={1957},
publisher={John Wiley and Sons, Inc.},
address={New York}
}


@book{brink-book,
title={Angular Momentum},
author={Brink, D. M. and Satchler, G. R.},
year={1962},
publisher={Oxford University Press},
address={Oxford}
}



@book{zare-book,
title={Angular Momentum},
author={Zare, R. N.},
year={1988},
publisher={John Wiley and Sons, Inc.},
address={New York}
}


@book{silver-book,
title={Irreducible Tensor Methods: An Introduction for Chemists},
author={Silver, B. L.},
year={1976},
publisher={Academic Press},
address={New York}
}

@book{kleinman-book,
title={Companion to Angular Momentum},
author={Kleinman, V. D. and Park, H. and Gordon, R. J. and Zare, R. N.},
year={1988},
publisher={Wiley Interscience},
address={New York}
}


@book{Varshalovich-book,
title={Quantum Theory of Angular Momentum},
author={Varshalovich, D. A. and Moskalev, A. N. and Khersonskii, V. K.},
year={1988},
publisher={World Scientific Publications},
address={Singapore}
}

@book{sakurai-book,
  title={Modern quantum mechanics (Revised Edition)},
  author={Sakurai, J. J. and Tuan, S. F. },
  year={1993},
  publisher={Addison Wesley}
}

%\bibitem{RotSpect} J. Brown and A. Carrington, Rotational Spectroscopy of Diatomic Molecules (Cambridge University Press, Cambridge, 2003)
@book{RotSpect,
  title={Rotational spectroscopy of diatomic molecules},
  author={Brown, J. M. and Carrington, A.},
  year={2003},
  publisher={Cambridge University Press}
}
%%--------------------------------------------------------------------------------------






% tunneling of composite quasi-particles through disorders
@article{bulatov2005,
title={Anomalous tunneling of bound pairs in crystal lattices},
journal={Europhys. Lett.},
author={Bulatov, V. L. and Kornilovitch, P. E.},
year={2005},
volume={71},
page={352}
}






% application of the Green's functions
%%--------------------------------------------------------------------------------------
%12- Cserti. J. 2000. Application of The Lattice Green’s Function for Calculating the Resistance of Infinite Networks of Resistors. American Journal of Physics, (68): 896-906.
@article{cserti2000,
title={Application of The Lattice Green’s Function for Calculating the Resistance of Infinite Networks of Resistors},
journal={American Journal of Physics},
author={Cserti, J.},
year={2000},
volume={68},
page={896}
}

%13- Cserti. J. David. G and Piroth. A. 2002. Perturbation of Infinite Networks of Resistors.        American Journal of Physics, (70): 153-159.
@article{cserti2002,
title={Perturbation of Infinite Networks of Resistors},
journal={American Journal of Physics},
author={Cserti, J.},
year={2002},
volume={70},
page={153}
}

%14-  Asad J. H, Hijjawi R. S, Sakaji A. J, and Khalifeh J. M. (2004). Resistance Calculation for an Infinite Simple Cubic Lattice- Application of Green's Function. Int. J. Theo. Phys.,  (43) 11: 2223-2235. 
@article{asad2004,
title={Resistance Calculation for an Infinite Simple Cubic Lattice Application of Green's Function},
journal={International Journal of Theoretical Physics},
author={Asad, J. H. and Hijjawi,  R. S. and Sakaji, A.  and Khalifeh, J. M. },
year={2004},
volume={43},
page={2223}
}

 %15- Asad J. H, Hijjawi R. S, Sakaji A. J, and Khalifeh J. M. (2005). Remarks on Perturbation of Infinite Network of Identical Resistors. Int. J. Theo. Phys., (44) 4: 471-483.  
@article{asad2005,
title={Remarks on Perturbation of Infinite Networks of Identical Resistors},
journal={International Journal of Theoretical Physics},
author={Asad, J. H. and Hijjawi,  R. S. and Sakaji, A.  and Khalifeh, J. M. },
year={2005},
volume={44},
page={471}
}
 
  
%16- Asad J. H, Sakaji A. J, Hijjawi R. S, and Khalifeh J. M. (2005). Infinite Network of Identical Capacitors by Green’s Function. Int. J. Mod. Phys. B., (19) 24: 3713-3721.  

%17- Asad J. H, Sakaji A. J, Hijjawi R. S, and Khalifeh J. M. (2006). On the Resistance of an Infinite Square Network of Identical Resistors (Theoretical and Experimental Comparison). Eur. Phys. J. B, (52) 2: 365.

%18- Hijjawi R. S, Asad J. H, Sakaji A. J, and Khalifeh J. M. (2007). Perturbation of an Infinite        Network of Identical Capacitors. Int. J. Mod. Phys. B, (21) 2: 199-209.




%McCoy. B. M and Wu. T. T. 1978. Two-Dimensional Ising Field Theory for C TT  :        Green’s Function Strings in n-point Function. Physical Review D, 18(8): 1253-1259. 
@article{mccoy1978,
title={Two-dimensional Ising field theory for $T<T_c$: Green's-functions strings in $n$-point functions},
journal={Phys. Rev. D},
author={McCoy, B. M. and Wu, T. T.},
year={1978},
volume={18},
page={1253}
}
 
%Dalton. N. W. and Wood. D. W. 1967. Critical Behavior of the simple an isotropic Heisenberg Model, Proceedings Physics Society (London), 90: 4591-4598.
@article{dalton1967,
  author={Dalton, N. W. and Wood, D. W.},
  title={Critical behaviour of the simple anisotropic Heisenberg model},
  journal={Proceedings of the Physical Society},
  volume={90},
  number={2},
  pages={459},
  year={1967},
}


%7- Lax. M. 1952. Multiple Scattering of Waves II. The Effective Field in Dense Systems.      Physical review, 85: 621-629. 
@article{lax1952,
  title = {Multiple Scattering of Waves. II. The Effective Field in Dense Systems},
  author = {Lax, Melvin},
  journal = {Phys. Rev.},
  volume = {85},
  pages = {621},
  numpages = {0},
  year = {1952},
}

 
  
   
    
 %Montroll. E and Weiss. G. 1965. Random Walks on lattices. Journal of Mathematical      Physics, 4 (1): 241-247.
@article{montroll1965,
title={Random Walks on lattices. II},
journal={Journal of Mathematical Physics},
author={Montroll, E. W. and Weiss, G. H. },
year={1965},
volume={6},
page={167}
}


%  Koster. G. F and Slater. D. C. 1954. Simplified Impurity Calculation. Physical Review, 96 (5): 1208-1223.
@article{koster1954,
title={Simplified Impurity Calculation},
journal={Phys. Rev.},
author={Koster, G. F. and Slater, J. C.},
year={1954},
volume={96},
page={1208}
}
%%--------------------------------------------------------------------------------------






% haydock method to calculate Green's function
%%--------------------------------------------------------------------------------------
@article{haydock1972,
title={Electronic structure based on the local atomic environment
for tight-binding bands},
journal={J. Phys. C: Solid State Phys.},
author={Haydock, R. and Heine, V. and Kelly, M. J. },
year={1972},
volume={5},
page={2845}
}

@article{haydock1975,
title={Electronic structure based on the local atomic environment
for tight-binding bands: II},
journal={J. Phys. C: Solid State Phys.},
author={Haydock, R. and Heine, V. and Kelly, M. J. },
year={1975},
volume={8},
page={2591}
}
%%--------------------------------------------------------------------------------------




% Lanczos method 
@article{lanczos1950,
title={An iteration method for the solution of the eigenvalue
problem of linear differential and integral operators},
journal={Journal of Research of the National Bureau of Standards},
author={Lanczos, C.},
year={1950},
volume={4},
page={255}
}


% Mona Berciu's method to calculate lattice Green's functions
%%--------------------------------------------------------------------------------------
@article{Berciu2010,
title={Efficient computation of lattice Green's functions for models with nearest-neighbor hopping},
journal={Europhysics Letters},
author={ Berciu, M. and Cook, A. M. },
year={2010},
volume={92},
page={40003}
}

@article{Berciu2011,
title={Few-particle Green's functions for strongly correlated system on infinite lattices},
journal={Physical Review Letters},
author={ Berciu, M.},
year={2011},
volume={107},
page={246403}
}


@article{Berciu2012,
title={Efficient computation of lattice Green functions for models with longer range hopping },
journal={Journal of Physics A: Mathematical and Theoretical},
author={ M\"oller, M. and Mukherjee, A. and Adolphs, C. P. J. and Marchand, D. J. J. and Berciu, M.},
year={2012},
volume={45},
page={115206}
}
%%--------------------------------------------------------------------------------------




%block-oscillation
%M. Raizen, C. Salomon and Q. Niu, Physics today, {\bf 50}, 30 (1997)
@article{b-oscillation,
title={New Light on Quantum Transport},
journal={Physics today},
author={ Raizen, M. and  Salomon, C. and Niu, Q. },
year={1997},
volume={50},
page={30}
}

%Jacobi–Anger expansion: an expansion of exponentials of trigonometric functions in terms of Bessel functions
@book{jacobi-anger,
title={Handbook of continued fractions for special functions},
author={Cuyt, A. and Petersen, V. and Verdonk, B. and Waadeland, H. and Jones, W. B.},
year={2008},
publisher={Springer}
}

%propose the formation of the Frenkel biexciton
@article{efremov1973,
  title={Unknown Title, need to check },
  author={Efremov, N. A. and Kaminskaya, E. P.},
  journal={Unknown }, 
  year={1973},
  volume={15},
  page={221}
}

%book on Green's function
@book{economou2006,
title={Green's Functions in Quantum Physics},
author={Economou, E. N.},
edition={3},
year={2006},
publisher={Springer}
}


% the effect of nonlinear interaction between wannier excitons
%%--------------------------------------------------------------------------------------
%\bibitem{nolinear-wannier} J. R. Kuklinski, S. Mukamel, Phys. Rev. B {\bf 42}, 2959 (1990);
% the following two should appear together in paper 1
@article{nolinear-wannier,
  title={Optical properties of Wannier excitons in the linear and weakly nonlinear regime},
  author={Kuklinski, J. R. and Mukamel, S.},
  journal={Phys. Rev. B},
  volume={42},
  number={5},
  pages={2959},
  year={1990},
  publisher={American Physical Society}
}


%C. Schindler, R. Zimmermann,  Phys. Rev. B {\bf 78}, 045313 (2008)
@article{nolinear-wannier2,
  title={Analysis of the exciton-exciton interaction in semiconductor quantum wells},
  author={Schindler, C. and Zimmermann, R.},
  journal={Phys. Rev. B},
  volume={78},
  number={4},
  pages={045313},
  year={2008},
  publisher={American Physical Society}
}
%%--------------------------------------------------------------------------------------



% Agranovich's book on exciton
%\bibitem{agranovich} V. Agranovich, Excitations in Organic Solids (Oxford University Press, Oxford, 2008)
@book{agranovich,
  title={Excitations in organic solids},
  author={Agranovich, V.},
  year={2009},
  publisher={Oxford University Press}
}

% Wannier biexciton experiments
%%--------------------------------------------------------------------------------------
%\bibitem{wmxx} P. L. Gourley and J. P. Wolfe, Phys. Rev. B  {\bf 25}, 6338 (1982); %indirect-gap semiconductor
% the following 5 should appear together in paper 1
@article{wmxx,
  title={Experimental determination of equilibrium constants for excitonic systems in stressed, ultrapure silicon},
  author={Gourley, P. L. and Wolfe, J. P.},
  journal={Phys. Rev. B},
  volume={25},
  number={10},
  pages={6338},
  year={1982},
  publisher={American Physical Society}
}

%M. L. W. Thewalt and W. G. McMullan, Phys. Rev. B {\bf 30}, 6232 (1984); %indirect-gap semiconductor
@article{wmxx2,
  title={Green and near-infrared luminescence due to the biexcitons in unperturbed silicon},
  author={Thewalt, M. L. W. and McMullan, W. G.},
  journal={Phys. Rev. B},
  volume={30},
  number={10},
  pages={6232},
  year={1984},
  publisher={American Physical Society}
}

%J. C. Kim, D. R. Wake, and J.P. Wolfe, Phys. Rev. B {\bf 50}, 15099 (1994); %direct-gap semiconductor
@article{wmxx3,
  title={Thermodynamics of biexcitons in a GaAs quantum well},
  author={Kim, J. C. and Wake, D. R. and Wolfe, J. P.},
  journal={Phys. Rev. B},
  volume={50},
  number={20},
  pages={15099},
  year={1994},
  publisher={American Physical Society}
}


%R. C. Miller, D. A. Kleinman, A. C. Gossard and O. Munteanu, Phys. Rev. B {\bf 25}, 6545 (1982); %quantum well
@article{wmxx4,
  title={Biexcitons in GaAs quantum wells},
  author={Miller, R. C. and Kleinman, D. A. and Gossard, A. C. and Munteanu, O.},
  journal={Phys. Rev. B},
  volume={25},
  number={10},
  pages={6545},
  year={1982},
  publisher={American Physical Society}
}

%R. Cingolani, Y. Chen and K. Ploog, Phys. Rev. B {\bf 38}, 13478 (1988)  %quantum well
@article{wmxx5,
  title={Biexciton formation in GaAs/AlxGa1- xAs multiple quantum wells: An optical investigation},
  author={Cingolani, R. and Chen, Y. and Ploog, K.},
  journal={Phys. Rev. B},
  volume={38},
  number={18},
  pages={13478--13481},
  year={1988},
  publisher={American Physical Society}
}
%%--------------------------------------------------------------------------------------





%\bibitem{stevenson2006} R. M. Stevenson, R. J. Young, P. Atkinson, K. Cooper, D. A. Ritchie and A. J. Shields, Nature {\bf 439}, 176 (2006)
@article{stevenson2006,
  title={A semiconductor source of triggered entangled photon pairs},
  author={Stevenson, R. M. and Young, R. J. and Atkinson, P. and Cooper, K. and Ritchie, D. A. and Shields, A. J.},
  journal={Nature},
  volume={439},
  number={7073},
  pages={179--182},
  year={2006},
  publisher={Nature Publishing Group}
}


%\bibitem{Lozovik2002} S. A. Moskalenko and D. W. Snoke, ``Bose-Einstein Condensation of Excitons and Biexcitons'', Cambridge University Press (2000). 
@book{Lozovik2002,
  title={Bose-Einstein condensation of excitons and biexcitons: and coherent nonlinear optics with excitons},
  author={Moskalenko, Sv{\^a}toslav Anatol'evi{\v{c}} and Snoke, David W},
  year={2000},
  publisher={Cambridge University Press}
}

%Y. E. Lozovik, O. L. Berman and M. Willander, J. Phys.: Condens. Matter 14 12457 (2002)


%\bibitem{vektaris} G. Vektaris, J. Chem. Phys. {\bf 101}, 3031 (1994).
@article{vektaris,
  title={A new approach to the molecular biexciton theory},
  author={Vektaris, G.},
  journal={J. Chem. Phys.},
  volume={101},
  pages={3031},
  year={1994}
}



%\bibitem{Ezaki1994} H. Ezaki, T. Tokihiro, and E. Hanamura, Phys. Rev. B {\bf 50}, 10506 (1994)
@article{Ezaki1994,
  title={Excitonic n-string in linear chains: Electronic structure and optical properties},
  author={Ezaki, H. and Tokihiro, T. and Hanamura, E.},
  journal={Phys. Rev. B},
  volume={50},
  number={15},
  pages={10506},
  year={1994},
  publisher={American Physical Society}
}


%\bibitem{biexciton-theory-1} F. C. Spano, V. Agranovich, and S. Mukamel, J. Chem. Phys. {\bf 95}, 1400 (1991).
@article{biexciton-theory-1,
  title={Biexciton states and two-photon absorption in molecular monolayers},
  author={Spano, F. C. and Agranovich, V. and Mukamel, S.},
  journal={J. Chem. Phys.},
  volume={95},
  pages={1400},
  year={1991}
}


%\bibitem{biexciton-theory-2} V. M. Agranovich. M. D. Galanin, ``Electronic excitation energy transfer in condensed matter'', North-Holland, Amsterdam, 1982; pages 115 -- 120 and references therein.
%G. Juzeliunas and P. Reineker, J. Chem. Phys. {\bf 109}, 6916 (1998).
@article{biexciton-theory-2,
  title={Electron-excitation energy transfer in condensed media},
  author={Agranovich, V. M. and Galanin, M. D.},
  journal={Moscow Izdatel Nauka},
  volume={1},
  year={1978}
}

%\bibitem{biexciton-theory-3}
%F. C. Spano and E. S. Manas, J. Chem. Phys. 103, 5939 (1995).

%\bibitem{frenkelxx} 
%Y.~Baba, G.~Dujardin, P.~Feulner, D.~Menzel, Phys. Rev. Let. {\bf 66}, 3269 (1991); P. Wiethoff, B. Kass\"{u}hlke, D. Menzel, and P. Feulner, Low Temp. Phys. {\bf 29}, 266 (2003)
% the following two should appear together in paper 1
@article{frenkelxx,
  title={Formation and dynamics of exciton pairs in solid argon probed by electron-stimulated ion desorption},
  author={Baba, Y. and Dujardin, G. and Feulner, P. and Menzel, D.},
  journal={Phys. Rev. Lett.},
  volume={66},
  number={25},
  pages={3269},
  year={1991},
  publisher={American Physical Society}
}

@article{frenkelxx2,
  title={Biexcitons in solid neon},
  author={Wiethoff, P. and Kass{\"u}hlke, B. and Menzel, D. and Feulner, P.},
  journal={Low Temperature Physics},
  volume={29},
  pages={266},
  year={2003}
}


%umol --- ultracold molecule in optical lattices
%%--------------------------------------------------------------------------------------
% the following three should appear together in paper1
\bibitem{umol} T. Volz, N. Syassen, D. M. Bauer, E. Hansis, S. D\"{u}rr and G. Rempe, Nature Physics {\bf 2}, 692 (2006);  
@article{umol,
  title={Preparation of a quantum state with one molecule at each site of an optical lattice},
  author={Volz, T. and Syassen, N. and Bauer, D. M. and Hansis, E. and D{\"u}rr, S. and Rempe, G.},
  journal={Nature Physics},
  volume={2},
  number={10},
  pages={692--695},
  year={2006},
  publisher={Nature Publishing Group}
}

%J. G. Danzl, M. J. Mark, E. Haller, M. Gustavsson, R. Hart, J. Aldegunde, J. M. Hutson, and H.-C. N\"{a}gerl, Nature Phys. {\bf 6}, 265 (2010);
@article{umol2,
  title={An ultracold high-density sample of rovibronic ground-state molecules in an optical lattice},
  author={Danzl, J. G. and Mark, M. J. and Haller, E. and Gustavsson, M. and Hart, R. and Aldegunde, J. and Hutson, J. M. and N{\"a}gerl, H.-C.},
  journal={Nature Physics},
  volume={6},
  number={4},
  pages={265--270},
  year={2010},
  publisher={Nature Publishing Group}
}
 
%A. Chotia, B. Neyenhuis, S. A. Moses, B. Yan, J. P. Covey, M. Foss-Feig, A. M. Rey, D. S. Jin and J. Ye, Phys. Rev. Lett. {\bf 108}, 080405 (2012)
@article{umol3,
  title={Long-lived dipolar molecules and Feshbach molecules in a 3D optical lattice},
  author={Chotia, A. and Neyenhuis, B. and Moses, S. A. and Yan, B. and Covey, J. P. and Foss-Feig, M. and Rey, A. M. and Jin, D. S and Ye, J.},
  journal={Phys. Rev. Lett.},
  volume={108},
  number={8},
  pages={080405},
  year={2012},
  publisher={American Physical Society}
}
%%--------------------------------------------------------------------------------------





%\bibitem{scholes2006} G. Scholes and G. Rumbles, Nat. Mater. {\bf 5}, 683 (2006)
@article{scholes2006,
  title={Excitons in nanoscale systems},
  author={Scholes, G. D. and Rumbles, G.},
  journal={Nature materials},
  volume={5},
  number={9},
  pages={683},
  year={2006},
  publisher={Nature Publishing Group}
}


%\bibitem{felipe} F. Herrera, M. Litinskaya, and R. V. Krems, Phys. Rev. A {\bf 82}, 033428 (2010)
@article{felipe,
  title={Tunable disorder in a crystal of cold polar molecules},
  author={Herrera, F. and Litinskaya, M. and Krems, R. V.},
  journal={Phys. Rev. A},
  volume={82},
  number={3},
  pages={033428},
  year={2010},
  publisher={American Physical Society}
}


%\bibitem{suzanne} R. M. Rajapakse, T. Bragdon, A. M. Rey, T. Calarco, and S. F. Yelin, Phys. Rev. A {\bf 80}, 013810 (2009)
@article{suzanne,
  title={Single-photon nonlinearities using arrays of cold polar molecules},
  author={Rajapakse, R. M. and Bragdon, T. and Rey, A. M. and Calarco, T. and Yelin, S. F.},
  journal={Phys. Rev. A},
  volume={80},
  number={1},
  pages={013810},
  year={2009},
  publisher={American Physical Society}
}


%\bibitem{peter-rabl}
%P. Rabl, D. DeMille, J. M. Doyle, M. D. Lukin, R. J. Schoelkopf, and P. Zoller, Phys. Rev. Lett. {\bf 97}, 033003 (2006);
% the following two should appear together in paper1
@article{peter-rabl,
  title={Hybrid quantum processors: molecular ensembles as quantum memory for solid state circuits},
  author={Rabl, P. and DeMille, D. and Doyle, J. M. and Lukin, M. D. and Schoelkopf, R. J. and Zoller, P.},
  journal={Phys. Rev. Lett.},
  volume={97},
  number={3},
  pages={033003},
  year={2006},
  publisher={American Physical Society}
}

%P. Rabl and P. Zoller, Phys. Rev. A {\bf 76}, 042308 (2007)
@article{peter-rabl2,
  title={Molecular dipolar crystals as high-fidelity quantum memory for hybrid quantum computing},
  author={Rabl, P. and Zoller, P.},
  journal={Phys. Rev. A},
  volume={76},
  number={4},
  pages={042308},
  year={2007},
  publisher={American Physical Society}
}


% %%%%%%%%%%%%%%%%%spin-lattice hamiltonian%%%%%%%%%%%%%%%%%%%%%%%
%\bibitem{Barnett2006} R. Barnett, D. Petrov, M. Lukin, and E. Demler, Phys. Rev. Lett. {\bf 96}, 190401 (2006)
@article{Barnett2006,
  title={Quantum magnetism with multicomponent dipolar molecules in an optical lattice},
  author={Barnett, R. and Petrov, D. and Lukin, M. and Demler, E.},
  journal={Phys. Rev. Lett.},
  volume={96},
  number={19},
  pages={190401},
  year={2006},
  publisher={American Physical Society}
}


%\bibitem{micheli2006} A. Micheli, G. K. Brennen, and P. Zoller, Nature Phys. {\bf 2}, 341 (2006); 
%G. K. Brennen, A. Micheli and P. Zoller, New J. Phys. {\bf 9}, 138 (2007) ; 
%H. P. B\"{u}chler, A. Micheli, and P. Zoller, Nature Phys. {\bf 3}, 726 (2007)

% the following three should appear together
@article{micheli2006,
  title={A toolbox for lattice-spin models with polar molecules},
  author={Micheli, A. and Brennen, G. K. and Zoller, P.},
  journal={Nature Physics},
  volume={2},
  number={5},
  pages={341},
  year={2006},
  publisher={Nature Publishing Group}
}

@article{Brennen2007,
  title={Designing spin-1 lattice models using polar molecules},
  author={Brennen, G. K. and Micheli, A. and Zoller, P.},
  journal={New J. Phys.},
  volume={9},
  number={5},
  pages={138},
  year={2007}
}


@article{Buchler2007,
  title={Three-body interactions with cold polar molecules},
  author={B{\"u}chler, H. P. and Micheli, A. and Zoller, P.},
  journal={Nature Physics},
  volume={3},
  number={10},
  pages={726},
  year={2007}
}


%\bibitem{Carr} M. L. Wall and L. D. Carr, New J. Phys. 11, 055027 (2009); M. L. Wall and L. D. Carr, Phys. Rev. A {\bf 82}, 013611 (2010)
% the following two should appear together
@article{Carr,
  title={Emergent timescales in entangled quantum dynamics of ultracold molecules in optical lattices},
  author={Wall, M. L. and Carr, L. D.},
  journal={New J. Phys.},
  volume={11},
  number={5},
  pages={055027},
  year={2009},
  publisher={IOP Publishing}
}

@article{Carr2,
  title={Hyperfine molecular Hubbard Hamiltonian},
  author={Wall, M. L. and Carr, L. D. },
  journal={Phys. Rev. A},
  volume={82},
  number={1},
  pages={013611},
  year={2010},
  publisher={American Physical Society}
}




%\bibitem{Trefzger2010} C. Trefzger, M. Alloing, C. Menotti, F. Dubin and M. Lewenstein, New J. Phys. {\bf 12}, 093008 (2010) 
@article{Trefzger2010,
  title={Quantum magnetism and counterflow supersolidity of up--down bosonic dipoles},
  author={Trefzger, C. and Alloing, M. and Menotti, C. and Dubin, F. and Lewenstein, M.},
  journal={New J. Phys.},
  volume={12},
  number={9},
  pages={093008},
  year={2010},
  publisher={IOP Publishing}
}


%\bibitem{Kestner2011} J. P. Kestner, B. Wang, J. D. Sau, and S. Das Sarma, Phys. Rev. B {\bf 83}, 174409 (2011)
@article{Kestner2011,
  title={Prediction of a gapless topological Haldane liquid phase in a one-dimensional cold polar molecular lattice},
  author={Kestner, J. P. and Wang, B. and Sau, J. D and Das Sarma, S. },
  journal={Phys. Rev. B},
  volume={83},
  number={17},
  pages={174409},
  year={2011},
  publisher={American Physical Society}
}
  

%\bibitem{gorshkov} A. V. Gorshkov, S. R. Manmana, G. Chen, J. Ye, E. Demler, M. D. Lukin, and A. M. Rey, Phys. Rev. Lett. {\bf 107}, 115301 (2011); 
%A. V. Gorshkov, S. R. Manmana, G. Chen, E. Demler, M. D. Lukin, and A. M. Rey, Phys. Rev. A {\bf 84}, 033619 (2011)

% the following two should appear together
@article{gorshkov,
  title={Tunable superfluidity and quantum magnetism with ultracold polar molecules},
  author={Gorshkov, A. V. and Manmana, S. R. and Chen, G. and Ye, J. and Demler, E. and Lukin, M. D. and Rey, A. M.},
  journal={Phys. Rev. Lett.},
  volume={107},
  number={11},
  pages={115301},
  year={2011},
  publisher={American Physical Society}
}

@article{gorshkov2,
  title={Quantum magnetism with polar alkali-metal dimers},
  author={Gorshkov, A. V. and Manmana, S. R. and Chen, G. and Demler, E. and Lukin, M. D. and Rey, A. M.},
  journal={Phys. Rev. A},
  volume={84},
  number={3},
  pages={033619},
  year={2011},
  publisher={American Physical Society}
}


%%%%%%%%%%%%%%%%%%%%%%%%%%%%%%%%%%%%%%%%%%%%%%%%%%%%%%%%%%%%%%%

%\bibitem{demille}
%D. DeMille, Phys. Rev. Lett. {\bf 88}, 067901 (2002).
@article{demille,
  title={Quantum computation with trapped polar molecules},
  author={DeMille, D.},
  journal={Phys. Rev. Lett.},
  volume={88},
  number={6},
  pages={067901},
  year={2002},
  publisher={American Physical Society}
}





%\bibitem{note} At zero electric field, there are three degenerate states corresponding to $N=1$ and $M_N=0, \pm1$. 
%In the presence of an electric field relevant for this study, the degeneracy is lifted. As shown in Ref. \cite{felipe}, the $|N=0 \rangle \rightarrow |N=1, M_N = 0 \rangle$ transition is uncoupled from the $|N=0 \rangle \rightarrow |N=1, M_N = \pm 1 \rangle$ transitions. The $M_N = \pm 1$ states can, therefore, be ignored. 

@misc{note,
note={At zero electric field, there are three degenerate states corresponding to $N=1$ and $M_N=0, \pm1$. 
In the presence of an electric field relevant for this study, the degeneracy is lifted. As shown in Ref. \cite{felipe}, the $|N=0 \rangle \rightarrow |N=1, M_N = 0 \rangle$ 
transition is uncoupled from the $|N=0 \rangle \rightarrow |N=1, M_N = \pm 1 \rangle$ transitions. The $M_N = \pm 1$ states can, therefore, be ignored.}
}








%\bibitem{note1}
%This analysis assumes that both $D$ and $J$ are isotropic. For molecules on an optical lattice, the magnitude and sign of $D$ and $J$ depend on the angle between the direction of the electric field and the molecular array. This may modify the properties of biexcitons in 2D and 3D systems. 
@misc{note1,
note={This analysis assumes that both $D$ and $J$ are isotropic. For molecules on an optical lattice, the magnitude and sign of $D$ and $J$ depend on the angle between the direction 
of the electric field and the molecular array. This may modify the properties of biexcitons in 2D and 3D systems. }
}


%\bibitem{felipe-polarons} F. Herrera and R. V. Krems, Phys. Rev. A {\bf 84}, 051401(R) (2011).
@article{felipe-polarons,
  title={Tunable Holstein model with cold polar molecules},
  author={Herrera, F. and Krems, R. V.},
  journal={Phys. Rev. A},
  volume={84},
  number={5},
  pages={051401},
  year={2011},
  publisher={American Physical Society}
}




%\bibitem{exciton-cluster}
%A. A. Ovchinnikov, JETP letters  {\bf 5}, 38 (1967); S. Pleutin, Phys. Rev. B {\bf 61}, 4554 (2000) 
@article{exciton-cluster,
  title={Complexes of Several Spins in a Linear Heisenberg Chain},
  author={Ovchinnikov, A. A. },
  journal={JETP Lett.},
  volume={5},
  pages={38},
  year={1967}
}


%\bibitem{photosynthesis-1}
%H. van Amerongen, R. van Grondelle, and L. Valkunas,  ``Photosynthetic excitons'', World Scientific (2000). 
@book{photosynthesis-1,
  title={Photosynthetic excitons},
  author={van Amerongen, H. and van Grondelle, R. and Valk{\=u}nas, L.},
  year={2000},
  publisher={World Scientific}
}

%\bibitem{photosynthesis-2}
%R. E. Blankenship, ``Molecular mechanisms of photosynthesis'', John Wiley \& Sons (2002). 
@book{photosynthesis-2,
  title={Molecular mechanisms of photosynthesis},
  author={Blankenship, R. E.},
  year={2008},
  publisher={Wiley}
}


%\bibitem{photosynthesis-3} A. Ishizakia and G. R. Fleminga, PNAS  {\bf 106}, 17255 (2009).
@article{photosynthesis-3,
  title={Theoretical examination of quantum coherence in a photosynthetic system at physiological temperature},
  author={Ishizaki, A. and Fleming, G. R.},
  journal={Proceedings of the National Academy of Sciences},
  volume={106},
  number={41},
  pages={17255},
  year={2009},
  publisher={National Acad Sciences}
}




%%%%%%%%%%%%%%%%% PAPER 2 %%%%%%%%%%%%%%%%%%%%%%%%%%%%%%%%%%%%%%%%%%%%%%%%%%%%

%\bibitem{Kohl2005} {\color{red} M. K\"{o}hl, H. Moritz, T. St\"{o}ferle, K. G\"{u}nter, and T. Esslinger,  Phys. Rev. Lett. {\bf 94}, 080403 (2005)}
@article{Kohl2005,
  title={Fermionic atoms in a three dimensional optical lattice: Observing Fermi surfaces, dynamics, and interactions},
  author={K{\"o}hl, M. and Moritz, H. and St{\"o}ferle, T. and G{\"u}nter, K. and Esslinger, T.},
  journal={Phys. Rev. Lett.},
  volume={94},
  number={8},
  pages={080403},
  year={2005},
  publisher={American Physical Society}
}


%\bibitem{Barnett2006} R. Barnett, D. Petrov, M. Lukin, and E. Demler, Phys. Rev. Lett. {\bf 96}, 190401 (2006)


%\bibitem{micheli2006} A. Micheli, G. K. Brennen, and P. Zoller, Nature Phys. {\bf 2}, 341 (2006)
%\bibitem{Brennen2007} G. K. Brennen, A. Micheli and P. Zoller, New J. Phys. {\bf 9}, 138 (2007)
%\bibitem{Buchler2007}H. P. B\"{u}chler, A. Micheli, and P. Zoller, Nature Phys. {\bf 3}, 726 (2007)


% experiment paper 
%\bibitem{McKay2008} {\color{red} D. McKay, M. White, M. Pasienski, and B. DeMarco, Nature {\bf 453}, 76 (2008)}
@article{McKay2008,
  title={Phase-slip-induced dissipation in an atomic Bose--Hubbard system},
  author={McKay, D. and White, M. and Pasienski, M. and DeMarco, B.},
  journal={Nature},
  volume={453},
  number={7191},
  pages={76--79},
  year={2008},
  publisher={Nature Publishing Group}
}

%\bibitem{Jordens2008}{\color{red} R. J\"{o}rdens,  N. Strohmaier,  K. G\"{u}nter,  H. Moritz, and  Tilman Esslinger, Nature {\bf 455}, 204 (2008)}
@article{Jordens2008,
  title={A Mott insulator of fermionic atoms in an optical lattice},
  author={J{\"o}rdens, R. and Strohmaier, N. and G{\"u}nter, K. and Moritz, H. and Esslinger, T.},
  journal={Nature},
  volume={455},
  number={7210},
  pages={204--207},
  year={2008},
  publisher={Nature Publishing Group}
}

%\bibitem{Schneider2008}  {\color{red}U. Schneider, L. Hackerm\"{u}ller, S. Will, Th. Best, I. Bloch, T. A. Costi, R. W. Helmes, D. Rasch, and A. Rosch, Science {\bf 322}, 1520 (2008)}
@article{Schneider2008,
  title={Metallic and insulating phases of repulsively interacting fermions in a 3D optical lattice},
  author={Schneider, U. and Hackerm{\"u}ller, L. and Will, S. and Best, Th. and Bloch, I.},
  journal={Science},
  volume={322},
  year={2008},
  pages={1520--1525}
}


%\bibitem{Carr1} M. L. Wall and L. D. Carr, New J. Phys. {\bf 11}, 055027 (2009)
%\bibitem{Carr2} M. L. Wall and L. D. Carr, Phys. Rev. A {\bf 82}, 013611 (2010)


%\bibitem{Trefzger2010} C. Trefzger, M. Alloing, C. Menotti, F. Dubin and M. Lewenstein, New J. Phys. {\bf 12}, 093008 (2010)


%\bibitem{Kestner2011} J. P. Kestner, B. Wang, J. D. Sau, and S. Das Sarma, Phys. Rev. B {\bf 83}, 174409 (2011)

%\bibitem{gorshkov1} A. V. Gorshkov, S. R. Manmana, G. Chen, J. Ye, E. Demler, M. D. Lukin, and A. M. Rey, Phys. Rev. Lett. {\bf 107}, 115301 (2011)
%\bibitem{gorshkov2}A. V. Gorshkov, S. R. Manmana, G. Chen, E. Demler, M. D. Lukin, and A. M. Rey, Phys. Rev. A {\bf 84}, 033619 (2011)

%\bibitem{biexcitons} P. Xiang, M. Litinskaya, and R. V. Krems, Phys. Rev. A {\bf 85}, 061401(R) (2012)
@article{biexcitons,
  title={Tunable exciton interactions in optical lattices with polar molecules},
  author={Xiang, P. and Litinskaya, M. and Krems, R. V.},
  journal={Phys. Rev. A},
  volume={85},
  number={6},
  pages={061401},
  year={2012},
  publisher={American Physical Society}
}


% mott-insulator for boson and fermion
%\bibitem{Greiner2002} M. Greiner, O. Mandel, T. Esslinger, T. W. H\"{a}nsch, and  I. Bloch, Nature {\bf 415}, 39 (2002)
@article{Greiner2002,
  title={Quantum phase transition from a superfluid to a Mott insulator in a gas of ultracold atoms},
  author={Greiner, M. and Mandel, O. and Esslinger, T. and H{\"a}nsch, T. W. and Bloch, I.},
  journal={Nature},
  volume={415},
  number={6867},
  pages={39--44},
  year={2002},
  publisher={Nature Publishing Group}
}





%\bibitem{our-2012-prl} M. Lemeshko, R. V. Krems, and H. Weimer, Phys. Rev. Lett. {\bf 109}, 035301 (2012)
@article{our-2012-prl,
  title={Nonadiabatic Preparation of Spin Crystals with Ultracold Polar Molecules},
  author={Lemeshko, M. and Krems, R. V. and Weimer, H.},
  journal={Phys. Rev. Lett.},
  volume={109},
  number={3},
  pages={035301},
  year={2012},
  publisher={American Physical Society}
}


%\bibitem{rabl} P. Rabl and P. Zoller, Phys. Rev. A {\bf 76}, 042308 (2007). 

%\bibitem{quantum-computing} D. P. DiVincenzo, Fort. Phys. {\bf 48}, 771 (2000)
@article{quantum-computing,
  title={The physical implementation of quantum computation},
  author={DiVincenzo, D. P.},
  journal={Fortschr. Phys.},
  volume={48},
  pages={771},
  year={2000}
}





%\bibitem{anderson-localization-of-ultracold-atoms} A. Aspect and M. Inguscio, Physics Today {\bf 62}, 30 (2009)
@article{anderson-localization-of-ultracold-atoms,
  title={Anderson localization of ultracold atoms},
  author={Aspect, A. and Inguscio, M.},
  journal={Physics today},
  volume={62},
  pages={30},
  year={2009}
}


%\bibitem{solar-cell} B. A. Gregg,  J. Phys. Chem. B {\bf 107}, 4688 (2003)
@article{solar-cell,
  title={Excitonic solar cells},
  author={Gregg, B. A.},
  journal={The Journal of Physical Chemistry B},
  volume={107},
  number={20},
  pages={4688},
  year={2003},
  publisher={American Chemical Society}
}


%\bibitem{alignment-review}
%T. Seideman and E. Hamilton,
%''Nonadiabatic alignment by intense pulses. Concepts, theory, and directions
%Adv. At. Mol. Opt. Phys. {\bf 52}, 289 (2006) and references therein
@article{alignment-review,
  title={Nonadiabatic alignment by intense pulses. Concepts, theory, and directions},
  author={Seideman, T. and Hamilton, E.},
  journal={Advances in atomic, molecular, and optical physics},
  volume={52},
  pages={289},
  year={2005},
  publisher={Academic Press}
}



%\bibitem{imaging1} I. V. Litvinyuk, K. F. Lee, P. W. Dooley, {\it et. al.} % D M Rayner, D M Villeneuve and P B Corkum;
%''Alignment-dependent strong field ionization of molecules;
%Phys. Rev. Lett. {\bf 90}, 233003 (2003)
@article{imaging1,
  title={Alignment-dependent strong field ionization of molecules},
  author={Litvinyuk, I. V. and Lee, K. F. and Dooley, P. W. and Rayner, D. M. and Villeneuve, D. M. and Corkum, P. B.},
  journal={Phys. Rev. Lett.},
  volume={90},
  number={23},
  pages={233003},
  year={2003},
  publisher={American Physical Society}
}


%\bibitem{imaging2}
%S. M. Purcell and P. F. Barker , %"Tailoring the Optical Dipole Force
%for Molecules by Field-Induced Alignment",
%Phys. Rev. Lett. {\bf 103}, 153001 (2009)
@article{imaging2,
  title={Tailoring the optical dipole force for molecules by field-induced alignment},
  author={Purcell, S. M. and Barker, P. F.},
  journal={Phys. Rev. Lett.},
  volume={103},
  number={15},
  pages={153001},
  year={2009},
  publisher={American Physical Society}
}


%\bibitem{imaging3}
% E. Gershnabel, M. Shapiro and I. Sh. Averbukh,% "Stern-Gerlach
%deflection of field-free aligned paramagnetic molecules ",
%J. Chem. Phys. {\bf 135}, 194310 (2011)
@article{imaging3,
  title={Stern-Gerlach deflection of field-free aligned paramagnetic molecules},
  author={Gershnabel, E. and Shapiro, M. and Averbukh, I. Sh.},
  journal={J. Chem. Phys.},
  volume={135},
  number={19},
  pages={194310},
  year={2011},
  publisher={American Institute of Physics}
}


%\bibitem{averbukh-AlignedInteractions}
%U. Steinitz, Y. Prior, I. Sh. Averbukh,
%''Laser Induced Gas Vortices ''
%Phys. Rev. Lett. {\bf 109} 033001 (2012);
@article{averbukh-AlignedInteractions,
  title={Laser Induced Gas Vortices},
  author={Steinitz, U. and Prior, Y. and Averbukh, I. Sh.},
  journal={Phys. Rev. Lett.},
  volume={109},
  page={ 033001 },
  year={2012}
}


%
%\bibitem{averbukh-AlignedInteractions2}
%Yu. Khodorkovsky, J. R. Manson, I. Sh. Averbukh,
%''Modifying molecule-surface scattering by ultrashort laser pulses
%  Phys. Rev. A {\bf 84}, 053420 (2011)
@article{averbukh-AlignedInteractions2,
  title={Modifying molecule-surface scattering by ultrashort laser pulses},
  author={Khodorkovsky, Y. and Manson, J. R. and Averbukh, I. Sh.},
  journal={Phys. Rev. A},
  volume={84},
  number={5},
  pages={053420},
  year={2011},
  publisher={APS}
}


%\bibitem{denschlag2002} J. Hecker Denschlag, J. E. Simsarian, H. H\"{a}ffner, C. McKenzie, A. Browaeys, D. Cho, K. Helmerson, S. L. Rolston and W. D. Phillips,
%J. Phys. B: At. Mol. Opt. Phys. {\bf 35} 3095(2002).
@article{denschlag2002,
  title={A Bose-Einstein condensate in an optical lattice},
  author={Denschlag, J. H. and Simsarian, J. E. and H{\"a}ffner, H. and McKenzie, C. and Browaeys, A. and Cho, D. 
               and Helmerson, K. and Rolston, S. L. and Phillips, W. D. },
  journal={J. Phys. B: At. Mol. Opt. Phys.},
  volume={35},
  number={14},
  pages={3095},
  year={2002},
  publisher={IOP Publishing}
}


%\bibitem{Zoubi1} H. Zoubi and H. Ritsch, Phys. Rev. A, {\bf 76}, 013817 (2007)
@article{Zoubi1,
  title={Excitons and cavity polaritons for ultracold atoms in an optical lattice},
  author={Zoubi, H. and Ritsch, H.},
  journal={Phys. Rev. A},
  volume={76},
  number={1},
  pages={013817},
  year={2007},
  publisher={American Physical Society}
}


%\bibitem{electronic-exciton1} H. Zoubi and H. Ritsch, Phy. Rev. A {\bf 83}, 063831 (2011)
@article{electronic-exciton1,
  title={Lifetime and emission characteristics of collective electronic excitations in two-dimensional optical lattices},
  author={Zoubi, H. and Ritsch, H.},
  journal={Phys. Rev. A},
  volume={83},
  number={6},
  pages={063831},
  year={2011},
  publisher={American Physical Society}
}


%\bibitem{electronic-exciton2} H. Zoubi and H. Ritsch, EPL {\bf 90}, 23001 (2010)
@article{electronic-exciton2,
  title={Metastability and directional emission characteristics of excitons in 1D optical lattices},
  author={Zoubi, H and Ritsch, H},
  journal={Europhys. Lett.},
  volume={90},
  number={2},
  pages={23001},
  year={2010},
  publisher={IOP Publishing}
}


%\bibitem{agranovich1966}V. M. Agranovich, O. A. Dubovskii, JETP Letters, 3, 223 (1966)
@article{agranovich1966,
title={Effect of retarded interaction on the exciton spectrum in one-dimensional and two-dimensional crystals},
author={Agranovich, V. M. and Dubovskii, O. A.},
journal={JETP Lett.},
volume={3},
pages={223},
year={1966}

}

%\bibitem{agranovich} V. M. Agranovich, Excitations in Organic Solids (Oxford University Press, Oxford, 2008)


%\bibitem{demille} D. DeMille, Phys. Rev. Lett. {\bf 88}, 067901 (2002)

%\bibitem{adiabatic-theo} M. H. S. Amin, Phys. Rev. Lett. {\bf 102}, 220401 (2009), and references therein
@article{adiabatic-theo,
  title={Consistency of the adiabatic theorem},
  author={Amin, M. H. S.},
  journal={Phys. Rev. Lett.},
  volume={102},
  page = {220401},
  year={2009}
}


%\bibitem{marina-bookchapter} M. Litinskaya and R. V. Krems, ``Rotational Excitations of Polar Molecules on an 
%Optical Lattice: From Novel Exciton Physics to Quantum Simulation of New Lattice Models'', in \textit{Annual Review of Cold Atoms and Molecules, 
%Volume 1}, K. W. Madison, Y. Wang, A. M. Rey, and K. Bongs,  Eds. Singapore: World Scientific Publishing, 2013
@incollection{marina-bookchapter,
  title={Rotational excitations of polar molecules on an optical lattice: from novel exciton physics to quantum simulation of new lattice models},
  author={Litinskaya, M. and Krems, R. V.},
  booktitle={Annual Review of Cold Atoms and Molecules},
  editor={Madison, K. W. and Wang, Y. and Rey, A. M.  and Bongs, K.},
  volume={1},
  pages={53},
  year={2012},
  publisher={World Scientific Publishing Company},
  address={Singapore}
}


%\bibitem{kinematic-biexciton-agranovich} V. M. Agranovich, O. A. Dubovsky, D. M. Basko, G. C. L Rocca, and F. Bassani, J. Luminescence {\bf 85},  221 (2000)
@article{kinematic-biexciton-agranovich,
  title={Kinematic Frenkel biexcitons},
  author={Agranovich, V. M. and Dubovsky, O. A. and Basko, D. M. and La Rocca, G. C. and Bassani, F.},
  journal={Journal of luminescence},
  volume={85},
  number={4},
  pages={221},
  year={2000},
}



%\bibitem{felipe} F. Herrera and R. V. Krems, Phys. Rev. A {\bf 84}, 051401(R) (2011)

%\bibitem{focusing-books-1}  M. V. Fedorov, Atomic and Free Electrons in a Strong Light Field (World Scientific, Singapore, 1997)
@book{focusing-books-1,
  title={Atomic and free electrons in a strong light field},
  author={Fedorov, M. V.},
  year={1997},
  publisher={World Scientific},
  address={Singapore}
}

%\bibitem{focusing-books-2} J. W. Goodman, Introduction to Fourier Optics (2nd ed.) (McGraw-Hill, New York, 1996).
@book{focusing-books-2,
  title={Introduction to Fourier optics},
  author={Goodman, J. W.},
  year={1996},
  publisher={McGraw-Hill},
  address={New York}
}


%\bibitem{atom-mott1} J. F. Sherson, C. Weitenberg, M. Endres, M. Cheneau, I. Bloch, and S. Kuhr, Nature {\bf 467}, 68 (2010)
@article{atom-mott1,
  title={Single-atom-resolved fluorescence imaging of an atomic Mott insulator},
  author={Sherson, J. F. and Weitenberg, C. and Endres, M. and Cheneau, M. and Bloch, I. and Kuhr, S.},
  journal={Nature},
  volume={467},
  number={7311},
  pages={68},
  year={2010},
  publisher={Nature Publishing Group}
}

%\bibitem{atom-mott2} W. S. Bakr, A. Peng, M. E. Tai, R. Ma, J. Simon, J. I. Gillen, S. F\"{o}lling, L. Pollet and M. Greiner, Science, {\bf 329}, 547 (2010)
@article{atom-mott2,
  title={Probing the superfluid--to--mott insulator transition at the single-atom level},
  author={Bakr, W. S. and Peng, A. and Tai, M. E. and Ma, R. and Simon, J. and Gillen, J. I. and Foelling, S. and Pollet, L. and Greiner, M.},
  journal={Science},
  volume={329},
  number={5991},
  pages={547--550},
  year={2010},
  publisher={American Association for the Advancement of Science}
}


%\bibitem{atom-mott3} W. S. Bakr, P. M. Preiss, M. E. Tai, R. Ma, J. Simon and M. Greiner, Nature {\bf 480}, 500 (2011)
@article{atom-mott3,
  title={Orbital excitation blockade and algorithmic cooling in quantum gases},
  author={Bakr, W. S. and Preiss, P. M. and Tai, M. E. and Ma, R. and Simon, J. and Greiner, M.},
  journal={Nature},
  volume={480},
  number={7378},
  pages={500--503},
  year={2011},
  publisher={Nature Publishing Group}
}


%\bibitem{Ye-arrays-PRL12} A. Chotia, B. Neyenhuis, S. A. Moses, B. Yan, J. P. Covey, M. Foss-Feig, A. M. Rey, D. S. Jin, and J. Ye, Phys. Rev. Lett. {\bf 108}, 080405 (2012)
@article{Ye-arrays-PRL12,
  title={Long-lived dipolar molecules and Feshbach molecules in a 3D optical lattice},
  author={Chotia, A. and Neyenhuis, B. and Moses, S. A. and Yan, B. and Covey, J. P. and Foss-Feig, M. and Rey, A. M. and Jin, D. S. and Ye, J.},
  journal={Phys. Rev. Lett.},
  volume={108},
  number={8},
  pages={080405},
  year={2012},
  publisher={American Physical Society}
}


%\bibitem{optical-lattice-review} R. Grimm, M. Weidem\"{u}ller, Y. B. Ovchinnikov, Advances in Atomic, Molecular and Optical Physics {\bf 42}, 95 (2000)
@article{optical-lattice-review,
  title={Optical dipole traps for neutral atoms},
  author={Grimm, R. and Weidem{\"u}ller, M. and Ovchinnikov, Y. B.},
  journal={Advances in atomic, molecular, and optical physics},
  volume={42},
  pages={95},
  year={2000},
  publisher={Academic Press}
}


%\bibitem{Zoubi-review} {\color{red} H. Zoubi and H. Ritsch, arXiv:1301.6028 (2013)}
@Article{Zoubi-review,
     author    = { Zoubi, H. and Ritsch, H.},
     title     = {Excitons and Cavity Polaritons for Optical Lattice Ultracold Atoms},
     journal   = {Advances in Atomic, Molecular, and Optical Physics},
     volume    = {62},
     year      = {2013},
     pages     = {171},
     publisher={Academic Press}
}




%\bibitem{friedrich-95}
%B. Friedrich and D. Herschbach,
%''Polarization of Molecules Induced by Intense Nonresonant Laser Fields
%J. Phys. Chem. {\bf 99}, 15686 (1995)
@article{friedrich-95,
  title={Polarization of molecules induced by intense nonresonant laser fields},
  author={Friedrich, B. and Herschbach, D.},
  journal={The Journal of Physical Chemistry},
  volume={99},
  number={42},
  pages={15686},
  year={1995},
  publisher={American Chemical Society}
}






%\bibitem{perez-rios2010} J. P\'{e}rez-R\'{i}os , F. Herrera and R. V. Krems, New J. Phys. {\bf 12}  103007 (2010)
@article{perez-rios2010,
  title={External field control of collective spin excitations in an optical lattice of 2$\Sigma$ molecules},
  author={P\'{e}rez-R\'{i}os, J. and Herrera, F. and Krems, R. V.},
  journal={New J.  Phys.},
  volume={12},
  number={10},
  pages={103007},
  year={2010},
  publisher={IOP Publishing}
}
 

%\bibitem{opaque-1}
%I. M. Vellekoop and A. P. Mosk, %
%''Focusing coherent light through opaque strongly scattering media'', %
%Opt. Lett. {\bf 32}, 2309 (2007)
@article{opaque-1,
  title={Focusing coherent light through opaque strongly scattering media},
  author={Vellekoop, I. M. and Mosk, A. P.},
  journal={Optics letters},
  volume={32},
  number={16},
  pages={2309},
  year={2007},
  publisher={[New York]: Optical Society of America, 1977-}
}




% --- Random light - intro -------
%\bibitem{Gigan-TMeasure-PRL10}
%S. M. Popoff, G. Lerosey, R. Carminati, M. Fink, A. C. Boccara, S. Gigan, %
%''Measuring the Transmission Matrix in Optics: An Approach to the
%Study and Control of Light Propagation in Disordered Media '',
%Phys. Rev. Lett. {\bf 104}, 100601 (2010)
@article{Gigan-TMeasure-PRL10,
  title={Measuring the transmission matrix in optics: an approach to the study and control of light propagation in disordered media},
  author={Popoff, S. M. and Lerosey, G. and Carminati, R. and Fink, M. and Boccara, A. C. and Gigan, S.},
  journal={Phys. Rev. Lett. },
  volume={104},
  number={10},
  pages={100601},
  year={2010},
  publisher={American Physical Society}
}



%\bibitem{Mosk-NPhot10}
%I. M. Vellekoop, A. Lagendijk, A. P. Mosk, %
%''Exploiting disorder for perfect focusing'', %
%Nature Photonics {\bf 4}, 320 (2010)
@article{Mosk-NPhot10,
  title={Exploiting disorder for perfect focusing},
  author={Vellekoop, I. M. and Lagendijk, A. and Mosk, A. P.},
  journal={Nature Photonics},
  volume={4},
  number={5},
  pages={320--322},
  year={2010},
  publisher={Nature Publishing Group}
}


%\bibitem{Cizmar-NPhot10}
%T. Cizmar, M. Mazilu and K. Dholakia, %
%''In situ wavefront correction and its application to micromanipulation'', %
%Nature Photonics {\bf 4}, 388 (2010)
@article{Cizmar-NPhot10,
  title={In situ wavefront correction and its application to micromanipulation},
  author={Cizmar, T. and Mazilu, M. and Dholakia, K.},
  journal={Nature Photonics},
  volume={4},
  number={6},
  pages={388},
  year={2010},
  publisher={Nature Publishing Group}
}


%\bibitem{Silberberg-11}
%O. Katz, Y. Bromberg, E. Small, Y. Silberberg, %
%''Focusing and Compression of Ultrashort Pulses through Scattering Media'', %
% Nature Photonics {\bf 5},372 (2011)
@article{Silberberg-11,
  title={Focusing and compression of ultrashort pulses through scattering media},
  author={Katz, O. and Small, E. and Bromberg, Y. and Silberberg, Y.},
  journal={Nature photonics},
  volume={5},
  number={6},
  pages={372},
  year={2011},
  publisher={Nature Publishing Group}
}


%\bibitem{Chatel-Focusing-11}
%D. J. McCabe, A. Tajalli, D.R. Austin, P. Bondareff, I. A. Walmsley,
%S. Gigan, and B. Chatel, %
%Shaping speckles: spatio-temporal focusing of an ultrafast pulse through a multiply scattering medium, 
%Nature Communications {\bf 2} 447 (2011)

@article{Chatel-Focusing-11,
  title={Spatio-temporal focusing of an ultrafast pulse through a multiply scattering medium},
  author={McCabe, D. J. and Tajalli, A. and Austin, D. R. and Bondareff, P. and Walmsley, I. A. and Gigan, S. and Chatel, B.}, 
  journal={Nature Communications},
  volume={2},
  pages={447},
  year={2011},
  publisher={Nature Publishing Group}
}


%\bibitem{Lagendijk-Focusing-11}
%J. Aulbach, B. Gjonaj, P.M. Johnson, A.P. Mosk, A. Lagendijk, %
%''Control of Light Transmission through Opaque Scattering Media in Space and Time'',%
%Phys. Rev. Lett. {\bf 106}, 103901 (2011)
@article{Lagendijk-Focusing-11,
  title={Control of light transmission through opaque scattering media in space and time},
  author={Aulbach, J. and Gjonaj, B. and Johnson, P. M. and Mosk, A. P. and Lagendijk, A.},
  journal={Phys. Rev. Lett.},
  volume={106},
  number={10},
  pages={103901},
  year={2011},
  publisher={American Physical Society}
}


% - zhenia - think whether this fits; but this is where the idea came from
%\bibitem{zhenia-11}
%E. A. Shapiro, T. M. Drane, V. Milner, %
%''Prospects of coherent control in turbid media: Bounds on focusing broadband laser pulses
%Phys.Rev. A {\bf 84}, 053807 (2011)
@article{zhenia-11,
  title={Prospects of coherent control in turbid media: Bounds on focusing broadband laser pulses},
  author={Shapiro, E. A. and Drane, T. M. and Milner, V.},
  journal={Phys. Rev. A},
  volume={84},
  number={5},
  pages={053807},
  year={2011},
  publisher={American Physical Society}
}


%\bibitem{cui-11}
%M. Cui,
%'' A high speed wavefront determination method based on spatial frequency modulations for focusing light through random scattering media''
%Opt. Express {\bf 19}, 2989 (2011) %-2995
@article{cui-11,
  title={A high speed wavefront determination method based on spatial frequency modulations for focusing light through random scattering media},
  author={Cui, M.},
  journal={Optics Express},
  volume={19},
  number={4},
  pages={2989--2995},
  year={2011},
  publisher={Optical Society of America}
}

%\bibitem{kim-11}
%M. Kim, Y. Choi, C. Yoon, W. Choi, J. Kim, Q-Han Park and W. Choi, Nature Photonics {\bf 6}, 581 (2012).
@article{kim-11,
  title={Maximal energy transport through disordered media with the implementation of transmission eigenchannels},
  author={Kim, M. and Choi, Y. and Yoon, C. and Choi, W. and Kim, J. and Park, Q-Han and Choi, W.},
  journal={Nature photonics},
  volume={6},
  number={9},
  pages={583--587},
  year={2012},
  publisher={Nature Publishing Group}
}


%\bibitem{RandomWave-books}
%\bibitem{Goodman-book}
%J. W. Goodman, %
%{\it Statistical optics} (John Wiley and Sons, New York, 2000);
%chapter 2.
%A. Ishimaru, %
%{\it Wave propagation in random media} (Academic Press, New York, 1978)

% the following two should appear together
@book{RandomWave-books,
  title={Statistical optics},
  author={Goodman, J. W.},
  publisher={John Wiley and Sons},
  address={New York},
  year={2000}
}

@book{RandomWave-books2,
author={Ishimaru, A.},
title={Wave propagation in random media},
publisher={Academic Press},
address={New York},
year={1978}

}


%\bibitem{QI-wavepacket1} Z. Amitay, R. Kosloﬀ, S. R. Leone, Chem. Phys. Lett. {\bf 359}, 8 (2002)
@article{QI-wavepacket1,
  title={Experimental coherent computation of a multiple-input AND gate using pure molecular superpositions},
  author={Amitay, Z. and Kosloff, R. and Leone, S. R.},
  journal={Chem. Phys. Lett.},
  volume={359},
  number={1},
  pages={8--14},
  year={2002},
  publisher={North-Holland}
}

%\bibitem{QI-wavepacket2} I. R. Sola, V. S. Malinovsky, and J. Santamar\'{i}a, J. Chem. Phys. {\bf 120}, 10955 (2004)
@article{QI-wavepacket2,
  title={Implementing quantum gates on oriented optical isomers},
  author={Sola, I. R. and Malinovsky, V. S. and Santamar{\'\i}a, J.},
  journal={J. Chem. Phys.},
  volume={120},
  pages={10955},
  year={2004}
}

%\bibitem{QI-wavepacket3} E. A. Shapiro, M. Spanner, and M. Y. Ivanov, J. Mod. Opt. {\bf 52}, 897 (2004) 
@article{QI-wavepacket3,
  title={Quantum logic in coarse grained control of wavepackets},
  author={Shapiro, E. A. and Spanner, M. and Ivanov, M. Y.},
  journal={Journal of Modern Optics},
  volume={52},
  number={6},
  pages={897--915},
  year={2005},
  publisher={Taylor \& Francis}
}


%\bibitem{QI-wavepacket4} U. Troppmann and R. de Vivie-Riedle, J. Chem. Phys. {\bf 122} 154105 (2005)
@article{QI-wavepacket4,
  title={Mechanisms of local and global molecular quantum gates and their implementation prospects},
  author={Troppmann, U. and de Vivie-Riedle, R.},
  journal={J. Chem. Phys.},
  volume={122},
  pages={154105},
  year={2005}
}

%\bibitem{QI-wavepacket5} E. Charron and M. Raoult, Phys. Rev. A {\bf 74}, 033407 (2006)
@article{QI-wavepacket5,
  title={Phase information revealed by interferences in the ionization of rotational wave packets},
  author={Charron, E. and Raoult, M.},
  journal={Phys. Rev. A},
  volume={74},
  number={3},
  pages={033407},
  year={2006},
  publisher={American Physical Society}
}

%\bibitem{QI-wavepacket6} Y. Gu and D. Babikov, J. Chem. Phys. {\bf 131}, 034306 (2009)
@article{QI-wavepacket6,
  title={On the role of vibrational anharmonicities in a two-qubit system},
  author={Gu, Y. and Babikov, D.},
  journal={J. Chem. Phys.},
  volume={131},
  pages={034306},
  year={2009}
}



%\bibitem{Lvovsky-Qmemories}
%A. I. Lvovsky, B. C. Sanders and W. Tittel, %
%''optical quantum memory''
%Nature Photonics {\bf 3}, 706 (2009), and references therein
@article{Lvovsky-Qmemories,
  title={Optical quantum memory},
  author={Lvovsky, A. I. and Sanders, B. C. and Tittel, W.},
  journal={Nature Photonics},
  volume={3},
  number={12},
  pages={706},
  year={2009},
  publisher={Nature Publishing Group}
}


%\bibitem{zoller-atom-transistor} A. J. Daley, S. R. Clark, D. Jaksch, P. Zoller, Phys. Rev. A {\bf 72}, 043618 (2005)
@article{zoller-atom-transistor,
  title={Numerical analysis of coherent many-body currents in a single atom transistor},
  author={Daley, A. J. and Clark, S. R. and Jaksch, D. and Zoller, P.},
  journal={Phys. Rev. A},
  volume={72},
  number={4},
  pages={043618},
  year={2005},
  publisher={American Physical Society}
}


%\bibitem{pccp} R. V. Krems, Physical Chemistry Chemical Physics {\bf 10}, 4079 (2008)
@article{pccp,
  title={Cold controlled chemistry},
  author={Krems, R. V.},
  journal={Physical Chemistry Chemical Physics},
  volume={10},
  number={28},
  pages={4079},
  year={2008},
  publisher={Royal Society of Chemistry}
}


%\bibitem{wallis-krems} A. O. G. Wallis and R. V. Krems,  J. Chem Phys {\bf 135}, 124313 (2011)
@article{wallis-krems,
  title={Rotational predissociation of extremely weakly bound atom-molecule complexes produced by Feshbach resonance association},
  author={Wallis, A. O. G. and Krems, R. V.},
  journal={J. Chem. Phys.},
  volume={135},
  pages={124313},
  year={2011}
}

%\bibitem{felipe-arxive-polaron} F. Herrera, K. W. Madison, R. V. Krems, M. Berciu, arXiv:1212.6212 (2012)
@article{felipe-arxive-polaron,
  title={Investigating polaron transitions with polar molecules},
  author={Herrera, F. and Madison, K. W. and Krems, R. V. and Berciu, M.},
  journal={Phys. Rev. Lett.},
  volume={110},
  number={22},
  pages={223002},
  year={2013},
  publisher={APS}
}



%\bibitem{zimboras2012} Z. Zimboras, M. Faccin, Z. Kadar, J. Whitfield, B. Lanyon, J. Biamonte, arXiv:1208.4049 (2012)
@article{zimboras2012,
  title={Quantum Transport Enhancement by Time-Reversal Symmetry Breaking},
  author={ Zimboras, Z. and Faccin, M. and Kadar, Z. and  Whitfield, J. and Lanyon, B. and  Biamonte, J.},
  journal={Scientific Reports},
  volume={3},
  pages={2361},
  year={2013}

}

