\bibitem{nolinear-wannier} J. R. Kuklinski, S. Mukamel, Phys. Rev. B {\bf 42}, 2959 (1990);
C. Schindler, R. Zimmermann,  Phys. Rev. B {\bf 78}, 045313 (2008)

\bibitem{agranovich} V. Agranovich, Excitations in Organic Solids (Oxford University Press, Oxford, 2008)

\bibitem{wmxx} P. L. Gourley and J. P. Wolfe, Phys. Rev. B  {\bf 25}, 6338 (1982); %indirect-gap semiconductor
M. L. W. Thewalt and W. G. McMullan, Phys. Rev. B {\bf 30}, 6232 (1984); %indirect-gap semiconductor
J. C. Kim, D. R. Wake, and J.P. Wolfe, Phys. Rev. B {\bf 50}, 15099 (1994); %direct-gap semiconductor
R. C. Miller, D. A. Kleinman, A. C. Gossard and O. Munteanu, Phys. Rev. B {\bf 25}, 6545 (1982); %quantum well
R. Cingolani, Y. Chen and K. Ploog, Phys. Rev. B {\bf 38}, 13478 (1988)  %quantum well

\bibitem{stevenson2006} R. M. Stevenson, R. J. Young, P. Atkinson, K. Cooper, D. A. Ritchie and A. J. Shields, Nature {\bf 439}, 176 (2006)

\bibitem{Lozovik2002} S. A. Moskalenko and D. W. Snoke, ``Bose-Einstein Condensation of Excitons and Biexcitons'', Cambridge University Press (2000). 

%Y. E. Lozovik, O. L. Berman and M. Willander, J. Phys.: Condens. Matter 14 12457 (2002)


\bibitem{vektaris} G. Vektaris, J. Chem. Phys. {\bf 101}, 3031 (1994).


\bibitem{Ezaki1994} H. Ezaki, T. Tokihiro, and E. Hanamura, Phys. Rev. B {\bf 50}, 10506 (1994)

\bibitem{biexciton-theory-1}
F. C. Spano, V. Agranovich, and S. Mukamel, J. Chem. Phys. {\bf 95}, 1400 (1991).

\bibitem{biexciton-theory-2}
V. M. Agranovich. M. D. Galanin, ``Electronic excitation energy transfer in condensed matter'', North-Holland, Amsterdam, 1982; pages 115 -- 120 and references therein.
%G. Juzeliunas and P. Reineker, J. Chem. Phys. {\bf 109}, 6916 (1998).

%\bibitem{biexciton-theory-3}
%F. C. Spano and E. S. Manas, J. Chem. Phys. 103, 5939 (1995).

\bibitem{frenkelxx} 
Y.~Baba, G.~Dujardin, P.~Feulner, D.~Menzel, Phys. Rev. Let. {\bf
66}, 3269 (1991); P. Wiethoff, B. Kass\"{u}hlke, D. Menzel, and P. Feulner, Low Temp. Phys. {\bf 29}, 266 (2003)


%umol --- ultracold molecule in optical lattices
\bibitem{umol} T. Volz, N. Syassen, D. M. Bauer, E. Hansis, S. D\"{u}rr and G. Rempe, Nature Physics {\bf 2}, 692 (2006);  J. G. Danzl, M. J. Mark, E. Haller, M. Gustavsson, R. Hart, J. Aldegunde, J. M. Hutson, and H.-C. N\"{a}gerl, Nature Phys. {\bf 6}, 265 (2010); A. Chotia, B. Neyenhuis, S. A. Moses, B. Yan, J. P. Covey, M. Foss-Feig, A. M. Rey, D. S. Jin and J. Ye, Phys. Rev. Lett. {\bf 108}, 080405 (2012)

\bibitem{scholes2006} G. Scholes and G. Rumbles, Nat. Mater. {\bf 5}, 683 (2006)

\bibitem{felipe} F. Herrera, M. Litinskaya, and R. V. Krems, Phys. Rev. A {\bf 82}, 033428 (2010)

\bibitem{suzanne}
R. M. Rajapakse, T. Bragdon, A. M. Rey, T. Calarco, and S. F. Yelin, 
Phys. Rev. A {\bf 80}, 013810 (2009)

\bibitem{peter-rabl}
P. Rabl, D. DeMille, J. M. Doyle, M. D. Lukin, R. J. Schoelkopf, and P. Zoller, 
Phys. Rev. Lett. {\bf 97}, 033003 (2006);
P. Rabl and P. Zoller, Phys. Rev. A {\bf 76}, 042308 (2007)

% %%%%%%%%%%%%%%%%%spin-lattice hamiltonian%%%%%%%%%%%%%%%%%%%%%%%
\bibitem{Barnett2006} R. Barnett, D. Petrov, M. Lukin, and E. Demler, Phys. Rev. Lett. {\bf 96}, 190401 (2006)

\bibitem{micheli2006} A. Micheli, G. K. Brennen, and P. Zoller, Nature Phys. {\bf 2}, 341 (2006); G. K. Brennen, A. Micheli and P. Zoller, New J. Phys. {\bf 9}, 138 (2007) ; H. P. B\"{u}chler, A. Micheli, and P. Zoller, Nature Phys. {\bf 3}, 726 (2007)

%\bibitem{Watanabe}  T. Watanabe, Phys. Rev. A {\bf 80}, 053621 (2009)

\bibitem{Carr} M. L. Wall and L. D. Carr, New J. Phys. 11, 055027 (2009); M. L. Wall and L. D. Carr, Phys. Rev. A {\bf 82}, 013611 (2010)

%\bibitem{Yu} H. Yu, W.M. Liu, and C. Lee, arXiv:0910.4922. (cannot find the corresponding journal paper though the arxiv version was posted in 2009)

\bibitem{Trefzger2010} C. Trefzger, M. Alloing, C. Menotti, F. Dubin and M. Lewenstein, New J. Phys. {\bf 12}, 093008 (2010) 

\bibitem{Kestner2011} J. P. Kestner, B. Wang, J. D. Sau, and S. Das Sarma, Phys. Rev. B {\bf 83}, 174409 (2011)  

\bibitem{gorshkov} A. V. Gorshkov, S. R. Manmana, G. Chen, J. Ye, E. Demler, M. D. Lukin, and A. M. Rey, Phys. Rev. Lett. {\bf 107}, 115301 (2011); A. V. Gorshkov, S. R. Manmana, G. Chen, E. Demler, M. D. Lukin, and A. M. Rey, Phys. Rev. A {\bf 84}, 033619 (2011)

%%%%%%%%%%%%%%%%%%%%%%%%%%%%%%%%%%%%%%%%%%%%%%%%%%%%%%%%%%%%%%%

\bibitem{demille}
D. DeMille, Phys. Rev. Lett. {\bf 88}, 067901 (2002).


%\bibitem{atom-mott} 
%J. F. Sherson, C. Weitenberg, M. Endres, M. Cheneau, I. Bloch, and S. Kuhr, Nature {\bf 467}, 68 (2010); W. S. Bakr, A. Peng, M. E. Tai, R. Ma, J. Simon,
%J. I. Gillen, S. F\"{o}lling, L. Pollet and M. Greiner, Science, {\bf 329}, 547 (2010); W. S. Bakr, P. M. Preiss, M. E. Tai, R. Ma, J. Simon and M. Greiner, Nature {\bf 480}, 500 (2011)



\bibitem{note} At zero electric field, there are three degenerate states corresponding to $N=1$ and $M_N=0, \pm1$. 
In the presence of an electric field relevant for this study, the degeneracy is lifted. As shown in Ref. \cite{felipe}, the $|N=0 \rangle \rightarrow |N=1, M_N = 0 \rangle$ transition is uncoupled from the $|N=0 \rangle \rightarrow |N=1, M_N = \pm 1 \rangle$ transitions. The $M_N = \pm 1$ states can, therefore, be ignored. 






\bibitem{RotSpect} J. Brown and A. Carrington, Rotational Spectroscopy of Diatomic Molecules (Cambridge University Press, Cambridge, 2003)

\bibitem{note1}
This analysis assumes that both $D$ and $J$ are isotropic. For molecules on an optical lattice, the magnitude and sign of $D$ and $J$ depend on the angle between the direction of the electric field and the molecular array. This may modify the properties of biexcitons in 2D and 3D systems. 

\bibitem{felipe-polarons}
F. Herrera and R. V. Krems, Phys. Rev. A {\bf 84}, 051401(R) (2011).

%\bibitem{superradiance} G. Bj\"{o}rk, S. Pau, J. M. Jacobson, H. Cao, and Y. Yamamoto, Phys. Rev. B {\bf 52}, 17310 (1995). 

%\bibitem{bretislav}
%B. Friedrich and D. Herschbach, J. Chem. Phys. {\bf 111}, 6157 (1999). 

%\bibitem{njp-review}
%L. Carr, D. DeMille, R. V. Krems, and J. Ye, New J. Phys. {\bf 11}, 055049 (2009).

%\bibitem{Chin2010}
%C. Chin, R. Grimm, P. Julienne and E. Tiesinga, Rev. Mod. Phys. {\bf 82}, 1225 (2010) 
%\bibitem{njp-paper}
%J. P\'{e}rez-R\'{i}os, F. Herrera, and R. V. Krems, New J. Phys. {\bf 12}, 103007 (2010). 



%\bibitem{sc-1}
%D. Emin, 
%Formation, motion, and high-temperature superconductivity of large bipolarons, 
%Phys. Rev. Lett. {\bf 62}, 1544 (1989); G. Iadonisi, V. Cataudella, D. Ninno, and M.L. Chiofalo, Physics Letters A {\bf 196}, 359 (1995); 
%A. S. Alexandrov, Phys. Scr. {\bf 83}, 038301 (2011); A. S. Alexandrov and G. M. Zhao, New J. Phys. {\bf 14}, 013046 (2011). 

\bibitem{exciton-cluster}
A. A. Ovchinnikov, JETP letters  {\bf 5}, 38 (1967); S. Pleutin, Phys. Rev. B {\bf 61}, 4554 (2000) 

\bibitem{photosynthesis-1}
H. van Amerongen, R. van Grondelle, and L. Valkunas,  ``Photosynthetic excitons'', World Scientific (2000). 

\bibitem{photosynthesis-2}
R. E. Blankenship, ``Molecular mechanisms of photosynthesis'', John Wiley \& Sons (2002). 

\bibitem{photosynthesis-3}
A. Ishizakia and G. R. Fleminga, PNAS  {\bf 106}, 17255 (2009).
%\bibitem{sc-2}
%G. Iadonisi, V. Cataudella, D. Ninno, and M.L. Chiofalo, Physics Letters A {\bf 196}, 359 (1995).

%\bibitem{efimov}
%C. H. Greene, Phys. Today {\bf 63}, 40 (2010)



\end{thebibliography}



\section*{References}

\bibliographystyle{unsrt}
\begin{thebibliography}{73}
\bibitem{Kohl2005} {\color{red} M. K\"{o}hl, H. Moritz, T. St\"{o}ferle, K. G\"{u}nter, and T. Esslinger,  Phys. Rev. Lett. {\bf 94}, 080403 (2005)}

\bibitem{Barnett2006} R. Barnett, D. Petrov, M. Lukin, and E. Demler, Phys. Rev. Lett. {\bf 96}, 190401 (2006)

\bibitem{micheli2006} A. Micheli, G. K. Brennen, and P. Zoller, Nature Phys. {\bf 2}, 341 (2006)
\bibitem{Brennen2007} G. K. Brennen, A. Micheli and P. Zoller, New J. Phys. {\bf 9}, 138 (2007)
 \bibitem{Buchler2007}H. P. B\"{u}chler, A. Micheli, and P. Zoller, Nature Phys. {\bf 3}, 726 (2007)
% experiment paper 
\bibitem{McKay2008} {\color{red} D. McKay, M. White, M. Pasienski, and B. DeMarco, Nature {\bf 453}, 76 (2008)}
\bibitem{Jordens2008}{\color{red} R. J\"{o}rdens,  N. Strohmaier,  K. G\"{u}nter,  H. Moritz, and  Tilman Esslinger, Nature {\bf 455}, 204 (2008)}
\bibitem{Schneider2008}  {\color{red}U. Schneider, L. Hackerm\"{u}ller, S. Will, Th. Best, I. Bloch, T. A. Costi, R. W. Helmes,
   D. Rasch, and A. Rosch, Science {\bf 322}, 1520 (2008)}

\bibitem{Carr1} M. L. Wall and L. D. Carr, New J. Phys. {\bf 11}, 055027 (2009)
\bibitem{Carr2} M. L. Wall and L. D. Carr, Phys. Rev. A {\bf 82}, 013611 (2010)


\bibitem{Trefzger2010} C. Trefzger, M. Alloing, C. Menotti, F. Dubin and M. Lewenstein, New J. Phys. {\bf 12}, 093008 (2010)

%\bibitem{Esslinger2010} {\color{red} Tilman Esslinger, Annual Review of Condensed Matter Physics {\bf 1}, 129 (2010)}

\bibitem{Kestner2011} J. P. Kestner, B. Wang, J. D. Sau, and S. Das Sarma, Phys. Rev. B {\bf 83}, 174409 (2011)

\bibitem{gorshkov1} A. V. Gorshkov, S. R. Manmana, G. Chen, J. Ye, E. Demler, M. D. Lukin, and A. M. Rey, Phys. Rev. Lett. {\bf 107}, 115301 (2011)
\bibitem{gorshkov2}A. V. Gorshkov, S. R. Manmana, G. Chen, E. Demler, M. D. Lukin, and A. M. Rey, Phys. Rev. A {\bf 84}, 033619 (2011)

\bibitem{biexcitons} P. Xiang, M. Litinskaya, and R. V. Krems, Phys. Rev. A {\bf 85}, 061401(R) (2012)

% mott-insulator for boson and fermion
\bibitem{Greiner2002} M. Greiner, O. Mandel, T. Esslinger, T. W. H\"{a}nsch, and  I. Bloch, Nature {\bf 415}, 39 (2002)
\bibitem{Jordens2008}R. J\"{o}rdens, N. Strohmaier, K. G\"{u}nter, H. Moritz, and T. Esslinger {\bf 455}, 204 (2008)









\bibitem{our-2012-prl} M. Lemeshko, R. V. Krems, and H. Weimer, Phys. Rev. Lett. {\bf 109}, 035301 (2012)


\bibitem{rabl}
P. Rabl and P. Zoller, Phys. Rev. A {\bf 76}, 042308 (2007). 

\bibitem{quantum-computing} D. P. DiVincenzo, Fort. Phys. {\bf 48}, 771 (2000)




\bibitem{anderson-localization-of-ultracold-atoms} A. Aspect and M. Inguscio, Physics Today {\bf 62}, 30 (2009)

\bibitem{solar-cell} B. A. Gregg,  J. Phys. Chem. B {\bf 107}, 4688 (2003)

\bibitem{alignment-review}
T. Seideman and E. Hamilton,
%''Nonadiabatic alignment by intense pulses. Concepts, theory, and directions
Adv. At. Mol. Opt. Phys. {\bf 52}, 289 (2006) and references
therein

%
%H. Stapelfeldt, T. Seideman, %''Colloquium: Aligning molecules with strong laser pulses''
%Rev. Mod. Phys. \bf{75} 543 (2003) and references therein;
%

\bibitem{imaging1} I. V. Litvinyuk, K. F. Lee, P. W. Dooley, {\it et. al.} % D M Rayner, D M Villeneuve and P B Corkum;
%''Alignment-dependent strong field ionization of molecules;
Phys. Rev. Lett. {\bf 90}, 233003 (2003)
\bibitem{imaging2}
S. M. Purcell and P. F. Barker , %"Tailoring the Optical Dipole Force
%for Molecules by Field-Induced Alignment",
Phys. Rev. Lett. {\bf 103}, 153001 (2009)
\bibitem{imaging3}
 E. Gershnabel, M. Shapiro and I. Sh. Averbukh,% "Stern-Gerlach
%deflection of field-free aligned paramagnetic molecules ",
J. Chem. Phys. {\bf 135}, 194310 (2011)

\bibitem{averbukh-AlignedInteractions}
U. Steinitz, Y. Prior, I. Sh. Averbukh,
%''Laser Induced Gas Vortices ''
Phys. Rev. Lett. {\bf 109} 033001 (2012);
%
\bibitem{averbukh-AlignedInteractions2}
Yu. Khodorkovsky, J. R. Manson, I. Sh. Averbukh,
%''Modifying molecule-surface scattering by ultrashort laser pulses
  Phys. Rev. A {\bf 84}, 053420 (2011)

\bibitem{denschlag2002}J. Hecker Denschlag, J. E. Simsarian, H. H\"{a}ffner, C. McKenzie, A. Browaeys, D. Cho, K. Helmerson, S. L. Rolston and W. D. Phillips,
J. Phys. B: At. Mol. Opt. Phys. {\bf 35} 3095(2002).

\bibitem{Zoubi1} H. Zoubi and H. Ritsch, Phys. Rev. A, {\bf 76}, 013817 (2007)
\bibitem{electronic-exciton1} H. Zoubi and H. Ritsch, Phy. Rev. A {\bf 83}, 063831 (2011)
\bibitem{electronic-exciton2} H. Zoubi and H. Ritsch, EPL {\bf 90}, 23001 (2010)

\bibitem{agranovich1966}V. M. Agranovich, O. A. Dubovskii, JETP Letters, 3, 223 (1966)

\bibitem{agranovich} V. M. Agranovich, Excitations in Organic Solids (Oxford University Press, Oxford, 2008)


\bibitem{demille}
D. DeMille, Phys. Rev. Lett. {\bf 88}, 067901 (2002)

\bibitem{adiabatic-theo} M. H. S. Amin, Phys. Rev. Lett. {\bf 102}, 220401 (2009), and references therein

\bibitem{marina-bookchapter} M. Litinskaya and R. V. Krems, ``Rotational Excitations of Polar Molecules on an 
Optical Lattice: From Novel Exciton Physics to Quantum Simulation of New Lattice Models'', in \textit{Annual Review of Cold Atoms and Molecules, 
Volume 1}, K. W. Madison, Y. Wang, A. M. Rey, and K. Bongs,  Eds. Singapore: World Scientific Publishing, 2013

\bibitem{kinematic-biexciton-agranovich} V. M. Agranovich, O. A. Dubovsky, D. M. Basko, G. C. L Rocca, and F. Bassani, J. Luminescence {\bf 85},  221 (2000)


\bibitem{felipe} F. Herrera and R. V. Krems, Phys. Rev. A {\bf 84}, 051401(R) (2011)

\bibitem{focusing-books-1}  M. V. Fedorov, Atomic and Free Electrons in a Strong Light Field (World Scientific,
Singapore, 1997)

\bibitem{focusing-books-2} J. W. Goodman, Introduction to Fourier Optics (2nd ed.) (McGraw-Hill, New York, 1996).

\bibitem{atom-mott1}
J. F. Sherson, C. Weitenberg, M. Endres, M. Cheneau, I. Bloch, and S. Kuhr, Nature {\bf 467}, 68 (2010)
\bibitem{atom-mott2}
W. S. Bakr, A. Peng, M. E. Tai, R. Ma, J. Simon, J. I. Gillen, S. F\"{o}lling, L. Pollet and M. Greiner, Science, {\bf 329}, 547 (2010)
\bibitem{atom-mott3}
W. S. Bakr, P. M. Preiss, M. E. Tai, R. Ma, J. Simon and M. Greiner, Nature {\bf 480}, 500 (2011)
\bibitem{Ye-arrays-PRL12} A. Chotia, B. Neyenhuis, S. A. Moses, B. Yan, J. P. Covey, M. Foss-Feig, A. M.
Rey, D. S. Jin, and J. Ye, Phys. Rev. Lett. {\bf 108}, 080405 (2012)

\bibitem{optical-lattice-review} R. Grimm, M. Weidem\"{u}ller, Y. B. Ovchinnikov, 
Advances in Atomic, Molecular and Optical Physics {\bf 42}, 95 (2000)

\bibitem{Zoubi-review} {\color{red} H. Zoubi and H. Ritsch, arXiv:1301.6028 (2013)}
%\bibitem{Zoubi2} H. Zoubi and H. Ritsch, EPL, {\bf 82}, 14001 (2008)
%\bibitem{Zoubi3} H. Zoubi and H. Ritsch, EPL, {\bf 87}, 23001 (2009)
%\bibitem{Zoubi4} H. Zoubi and H. Ritsch, New J. Phys. {\bf 12}, 103014 (2010)
%\bibitem{Zoubi5} H. Zoubi and H. Ritsch, J. Phys. B: At. Mol. Opt. Phys. {\bf 44}, 205303 (2010)

%\bibitem{Zoubi8} H. Zoubi and H. Ritsch, Eur. Phys. J. D {\bf 66}, 292 (2012)
%\bibitem{Zoubi9} L. Ostermann, H. Zoubi and H. Ritsch, Optics Express {\bf 20}, 29634 (2012)
%\bibitem{Zoubi9} H. Zoubi, EPL, {\bf 100}, 24002 (2012)





%\bibitem{Agranovich1966} V. M. Agranovich and O. A. Dubovskii, JETP Lett. {\bf 3}, 223 (1966)




\bibitem{friedrich-95}
B. Friedrich and D. Herschbach,
%''Polarization of Molecules Induced by Intense Nonresonant Laser Fields
J. Phys. Chem. {\bf 99}, 15686 (1995)

\bibitem{our-njp-review} 
L. Carr, D. DeMille, R. V. Krems, and J. Ye,  New Journal of Physics {\bf 11}, 055049 (2009)


%\bibitem{lattice} I. Bloch, Nat. Phys. {\bf 1}, 23 (2005)
%
%\bibitem{lattice2} G. Grynberg and C. Robilliard, Phys. Rep. {\bf 355} 335 (2001) 
%\bibitem{lattice3} R. Grimm, M. Weidem\"{u}ller, and
%Yu. B. Ovchinnikov, Adv. At. Mol. Opt. Phys. {\bf 42}, 95 (2000)

%\bibitem{b-oscillation} M. Raizen, C. Salomon and Q. Niu, Physics today, {\bf 50}, 30 (1997)


\bibitem{perez-rios2010} J. P\'{e}rez-R\'{i}os , F. Herrera and R. V. Krems, New J. Phys. {\bf 12}  103007 (2010)

 
\bibitem{opaque-1}
%\bibitem{Mosk-OptLett07}
I. M. Vellekoop and A. P. Mosk, %
%''Focusing coherent light through opaque strongly scattering media'', %
Opt. Lett. {\bf 32}, 2309 (2007)

%\bibitem{opaque-2}
% --- Random light - intro -------
\bibitem{Gigan-TMeasure-PRL10}
S. M. Popoff, G. Lerosey, R. Carminati, M. Fink, A. C. Boccara, S. Gigan, %
%''Measuring the Transmission Matrix in Optics: An Approach to the
%Study and Control of Light Propagation in Disordered Media '',
Phys. Rev. Lett. {\bf 104}, 100601 (2010)

\bibitem{Mosk-NPhot10}
I. M. Vellekoop, A. Lagendijk, A. P. Mosk, %
%''Exploiting disorder for perfect focusing'', %
Nature Photonics {\bf 4}, 320 (2010)

\bibitem{Cizmar-NPhot10}
T. Cizmar, M. Mazilu and K. Dholakia, %
%''In situ wavefront correction and its application to micromanipulation'', %
Nature Photonics {\bf 4}, 388 (2010)

\bibitem{Silberberg-11}
O. Katz, Y. Bromberg, E. Small, Y. Silberberg, %
%''Focusing and Compression of Ultrashort Pulses through Scattering Media'', %
 Nature Photonics {\bf 5},372 (2011)

\bibitem{Chatel-Focusing-11}
D. J. McCabe, A. Tajalli, D.R. Austin, P. Bondareff, I. A. Walmsley,
S. Gigan, and B. Chatel, %
%''Shaping speckles: spatio-temporal focusing of an ultrafast pulse through a multiply scattering medium'', %
Nature Communications {\bf 2} 447 (2011)

\bibitem{Lagendijk-Focusing-11}
J. Aulbach, B. Gjonaj, P.M. Johnson, A.P. Mosk, A. Lagendijk, %
%''Control of Light Transmission through Opaque Scattering Media in Space and Time'',%
Phys. Rev. Lett. {\bf 106}, 103901 (2011)

% - zhenia - think whether this fits; but this is where the idea came from
\bibitem{zhenia-11}
E. A. Shapiro, T. M. Drane, V. Milner, %
%''Prospects of coherent control in turbid media: Bounds on focusing broadband laser pulses
Phys.Rev. A {\bf 84}, 053807 (2011)

\bibitem{cui-11}
M. Cui,
%'' A high speed wavefront determination method based on spatial frequency modulations for focusing light through random scattering media''
Opt. Express {\bf 19}, 2989 (2011) %-2995

\bibitem{kim-11}
M. Kim, Y. Choi, C. Yoon, W. Choi, J. Kim, Q-Han Park and W. Choi, Nature Photonics {\bf 6}, 581 (2012).

\bibitem{RandomWave-books}

%\bibitem{Goodman-book}
J. W. Goodman, %
{\it Statistical optics} (John Wiley and Sons, New York, 2000);
%chapter 2.
A. Ishimaru, %
{\it Wave propagation in random media} (Academic Press, New York,
1978)

% it use atoms
%\bibitem{QI-wavepacket1} J. Ahn, T. C. Weinacht, and P. H. Bucksbaum, Science, {\bf 287}, 463 (2000)
% it use atoms
%\bibitem{QI-wavepacket2} A. Muthukrishnan and C. R. Stroud Jr., J. Mod. Opt. {\bf 49}, 2115-2127 (2002).

\bibitem{QI-wavepacket1} Z. Amitay, R. Kosloﬀ, S. R. Leone, Chem. Phys. Lett. {\bf 359}, 8 (2002)
\bibitem{QI-wavepacket2} I. R. Sola, V. S. Malinovsky, and J. Santamar\'{i}a, J. Chem. Phys. {\bf 120}, 10955 (2004)
\bibitem{QI-wavepacket3} E. A. Shapiro, M. Spanner, and M. Y. Ivanov, J. Mod. Opt. {\bf 52}, 897 (2004) 
\bibitem{QI-wavepacket4} U. Troppmann and R. de Vivie-Riedle, J. Chem. Phys. {\bf 122} 154105 (2005)
\bibitem{QI-wavepacket5} E. Charron and M. Raoult, Phys. Rev. A {\bf 74}, 033407 (2006)
\bibitem{QI-wavepacket6} Y. Gu and D. Babikov, J. Chem. Phys. {\bf 131}, 034306 (2009)



\bibitem{Lvovsky-Qmemories}
A. I. Lvovsky, B. C. Sanders and W. Tittel, %
%''optical quantum memory''
Nature Photonics {\bf 3}, 706 (2009), and references therein

\bibitem{zoller-atom-transistor} A. J. Daley, S. R. Clark, D. Jaksch, P. Zoller, Phys. Rev. A {\bf 72}, 043618 (2005)

\bibitem{pccp} R. V. Krems, Physical Chemistry Chemical Physics {\bf 10}, 4079 (2008)

\bibitem{wallis-krems} A. O. G. Wallis and R. V. Krems,  J. Chem Phys {\bf 135}, 124313 (2011)

\bibitem{felipe-arxive-polaron} F. Herrera, K. W. Madison, R. V. Krems, M. Berciu, arXiv:1212.6212 (2012)


\bibitem{zimboras2012}
Z. Zimboras, M. Faccin, Z. Kadar, J. Whitfield, B. Lanyon, J.
Biamonte, arXiv:1208.4049 (2012)

\end{thebibliography}

